<?xml version="1.0" encoding="UTF-8"?>
<!DOCTYPE html PUBLIC "-//W3C//DTD XHTML 1.0 Transitional//EN"
    "http://www.w3.org/TR/xhtml1/DTD/xhtml1-transitional.dtd">
<html xmlns="http://www.w3.org/1999/xhtml" xml:lang="en" lang="en">
 <head>
  <title>
</title>
<meta http-equiv="Content-Type" content="text/html;charset=utf-8" />
  <meta name='ocr-system' content='tesseract 3.04.00' />
  <meta name='ocr-capabilities' content='ocr_page ocr_carea ocr_par ocr_line ocrx_word'/>
</head>
<body>
  <div class='ocr_page' id='page_1' title='image "./delysiaeoration00woergoog_0043.png"; bbox 0 0 3284 4956; ppageno 0'>
   <div class='ocr_carea' id='block_1_1' title="bbox 749 319 964 382">
    <p class='ocr_par' dir='ltr' id='par_1_1' title="bbox 749 319 964 382">
     <span class='ocr_line' id='line_1_1' title="bbox 749 319 964 382; baseline 0.009 -20"><span class='ocrx_word' id='word_1_1' title='bbox 749 319 964 382; x_wconf 84' lang='lat'>-30..</span> 
     </span>
    </p>
   </div>
   <div class='ocr_carea' id='block_1_2' title="bbox 332 503 424 589">
    <p class='ocr_par' dir='ltr' id='par_1_2' title="bbox 332 503 424 589">
     <span class='ocr_line' id='line_1_2' title="bbox 332 503 424 589; baseline -0.022 -18"><span class='ocrx_word' id='word_1_2' title='bbox 332 503 350 589; x_wconf 68' lang='lat' dir='ltr'><strong>s</strong></span> <span class='ocrx_word' id='word_1_3' title='bbox 375 512 424 571; x_wconf 76' lang='grc' dir='ltr'><em>α.</em></span> 
     </span>
    </p>
   </div>
   <div class='ocr_carea' id='block_1_3' title="bbox 471 588 1093 708">
    <p class='ocr_par' dir='ltr' id='par_1_3' title="bbox 471 588 1093 708">
     <span class='ocr_line' id='line_1_3' title="bbox 471 588 1093 708; baseline 0 -52"><span class='ocrx_word' id='word_1_4' title='bbox 471 645 498 708; x_wconf 69' lang='lat' dir='ltr'>L</span> <span class='ocrx_word' id='word_1_5' title='bbox 561 610 591 656; x_wconf 87' lang='lat' dir='ltr'><em>a.</em></span> <span class='ocrx_word' id='word_1_6' title='bbox 627 588 680 655; x_wconf 69' lang='grc' dir='ltr'><em>ὅτι</em></span> <span class='ocrx_word' id='word_1_7' title='bbox 703 588 738 655; x_wconf 85' lang='grc' dir='ltr'><em>δ’</em></span> <span class='ocrx_word' id='word_1_8' title='bbox 760 590 817 655; x_wconf 86' lang='grc' dir='ltr'><em>έιιί</em></span> <span class='ocrx_word' id='word_1_9' title='bbox 839 627 882 636; x_wconf 80' lang='lat'><em>-</em></span> <span class='ocrx_word' id='word_1_10' title='bbox 905 589 1093 673; x_wconf 79' lang='grc' dir='ltr'><em>ἀναβαίνω.</em></span> 
     </span>
    </p>
   </div>
   <div class='ocr_carea' id='block_1_4' title="bbox 431 692 1200 1236">
    <p class='ocr_par' dir='ltr' id='par_1_4' title="bbox 431 692 1200 1236">
     <span class='ocr_line' id='line_1_4' title="bbox 560 692 1139 779; baseline 0.002 -20"><span class='ocrx_word' id='word_1_11' title='bbox 560 696 589 761; x_wconf 94' lang='lat' dir='ltr'><em>b.</em></span> <span class='ocrx_word' id='word_1_12' title='bbox 625 692 814 778; x_wconf 83' lang='grc' dir='ltr'><em>αειροῖσδαι</em></span> <span class='ocrx_word' id='word_1_13' title='bbox 837 694 973 760; x_wconf 82' lang='grc' dir='ltr'><em>πείδειν</em></span> <span class='ocrx_word' id='word_1_14' title='bbox 996 733 1038 740; x_wconf 92' lang='grc'><strong>-</strong></span> <span class='ocrx_word' id='word_1_15' title='bbox 1061 696 1139 779; x_wconf 90' lang='grc' dir='ltr'><em>είμί.</em></span> 
     </span>
     <span class='ocr_line' id='line_1_5' title="bbox 450 814 1168 932; baseline 0 -50"><span class='ocrx_word' id='word_1_16' title='bbox 450 869 485 932; x_wconf 80' lang='grc' dir='ltr'>Π</span> <span class='ocrx_word' id='word_1_17' title='bbox 525 823 532 906; x_wconf 68' lang='lat' dir='ltr'><strong>t</strong></span> <span class='ocrx_word' id='word_1_18' title='bbox 557 836 586 882; x_wconf 90' lang='lat' dir='ltr'><em>a.</em></span> <span class='ocrx_word' id='word_1_19' title='bbox 622 814 762 899; x_wconf 81' lang='grc' dir='ltr'><em>ὅτιμὲν</em></span> <span class='ocrx_word' id='word_1_20' title='bbox 786 814 882 881; x_wconf 94' lang='grc' dir='ltr'><em>δυοῖν</em></span> <span class='ocrx_word' id='word_1_21' title='bbox 906 853 948 862; x_wconf 89' lang='grc'>-</span> <span class='ocrx_word' id='word_1_22' title='bbox 968 817 1168 900; x_wconf 81' lang='grc' dir='ltr'><em>χρωμένων.</em></span> 
     </span>
     <span class='ocr_line' id='line_1_6' title="bbox 489 909 1200 1007; baseline -0.003 -22"><span class='ocrx_word' id='word_1_23' title='bbox 489 920 495 932; x_wconf 86' lang='grc'><strong>’</strong></span> <span class='ocrx_word' id='word_1_24' title='bbox 526 909 586 1007; x_wconf 60' lang='lat' dir='ltr'><em>ib.</em></span> <span class='ocrx_word' id='word_1_25' title='bbox 621 920 670 1002; x_wconf 84' lang='grc' dir='ltr'><em>μὴ</em></span> <span class='ocrx_word' id='word_1_26' title='bbox 694 925 897 1002; x_wconf 73' lang='grc' dir='ltr'><em>κατηγορεῖν</em></span> <span class='ocrx_word' id='word_1_27' title='bbox 921 957 963 964; x_wconf 93' lang='lat'><em>-</em></span> <span class='ocrx_word' id='word_1_28' title='bbox 985 919 1088 986; x_wconf 73' lang='grc' dir='ltr'><em>ἐστί.</em></span> <span class='ocrx_word' id='word_1_29' title='bbox 1198 992 1200 997; x_wconf 43' lang='grc'><em>,</em></span> 
     </span>
     <span class='ocr_line' id='line_1_7' title="bbox 431 1036 1088 1156; baseline 0 -52"><span class='ocrx_word' id='word_1_30' title='bbox 431 1092 485 1156; x_wconf 70' lang='grc' dir='ltr'><em>ΠΙ</em></span> <span class='ocrx_word' id='word_1_31' title='bbox 525 1049 531 1144; x_wconf 70' lang='grc' dir='ltr'><em>χ</em></span> <span class='ocrx_word' id='word_1_32' title='bbox 556 1059 585 1104; x_wconf 87' lang='lat' dir='ltr'><em>a.</em></span> <span class='ocrx_word' id='word_1_33' title='bbox 621 1037 675 1103; x_wconf 76' lang='lat' dir='ltr'><em>brt</em></span> <span class='ocrx_word' id='word_1_34' title='bbox 698 1036 732 1102; x_wconf 83' lang='grc' dir='ltr'><em>δ’</em></span> <span class='ocrx_word' id='word_1_35' title='bbox 754 1038 812 1103; x_wconf 78' lang='grc' dir='ltr'><em>ἐπὶ</em></span> <span class='ocrx_word' id='word_1_36' title='bbox 836 1075 875 1082; x_wconf 82' lang='grc'>-</span> <span class='ocrx_word' id='word_1_37' title='bbox 899 1036 1088 1121; x_wconf 83' lang='grc' dir='ltr'><em>ἀναβαίνω.</em></span> 
     </span>
     <span class='ocr_line' id='line_1_8' title="bbox 488 1139 1096 1236; baseline 0.003 -30"><span class='ocrx_word' id='word_1_38' title='bbox 488 1143 493 1156; x_wconf 87' lang='grc'><strong>’</strong></span> <span class='ocrx_word' id='word_1_39' title='bbox 524 1145 530 1236; x_wconf 67' lang='grc' dir='ltr'><em>χ</em></span> <span class='ocrx_word' id='word_1_40' title='bbox 554 1143 584 1207; x_wconf 92' lang='lat' dir='ltr'><em>b.</em></span> <span class='ocrx_word' id='word_1_41' title='bbox 619 1143 793 1225; x_wconf 71' lang='grc' dir='ltr'><em>τεκμηρίῳ</em></span> <span class='ocrx_word' id='word_1_42' title='bbox 816 1179 859 1210; x_wconf 64' lang='lat'>÷</span> <span class='ocrx_word' id='word_1_43' title='bbox 883 1139 1096 1225; x_wconf 89' lang='grc' dir='ltr'><em>δυναμένων.</em></span> 
     </span>
    </p>
   </div>
   <div class='ocr_carea' id='block_1_5' title="bbox 328 1260 421 1346">
    <p class='ocr_par' dir='ltr' id='par_1_5' title="bbox 328 1260 421 1346">
     <span class='ocr_line' id='line_1_9' title="bbox 328 1260 421 1346; baseline 0 -19"><span class='ocrx_word' id='word_1_44' title='bbox 328 1260 346 1346; x_wconf 72' lang='lat' dir='ltr'><strong>s</strong></span> <span class='ocrx_word' id='word_1_45' title='bbox 373 1269 421 1328; x_wconf 77' lang='lat' dir='ltr'><em>re.</em></span> 
     </span>
    </p>
   </div>
   <div class='ocr_carea' id='block_1_6' title="bbox 467 1347 1178 1465">
    <p class='ocr_par' dir='ltr' id='par_1_6' title="bbox 467 1347 1178 1465">
     <span class='ocr_line' id='line_1_10' title="bbox 467 1347 1178 1465; baseline 0.001 -52"><span class='ocrx_word' id='word_1_46' title='bbox 467 1401 495 1465; x_wconf 65' lang='lat' dir='ltr'>L</span> <span class='ocrx_word' id='word_1_47' title='bbox 557 1368 586 1413; x_wconf 90' lang='lat' dir='ltr'><em>a.</em></span> <span class='ocrx_word' id='word_1_48' title='bbox 621 1347 748 1431; x_wconf 80' lang='grc' dir='ltr'><em>οὐγὰρ</em></span> <span class='ocrx_word' id='word_1_49' title='bbox 773 1350 988 1431; x_wconf 80' lang='grc' dir='ltr'><em>πενομένους</em></span> <span class='ocrx_word' id='word_1_50' title='bbox 1011 1386 1053 1392; x_wconf 93' lang='grc'>-</span> <span class='ocrx_word' id='word_1_51' title='bbox 1075 1350 1178 1430; x_wconf 83' lang='grc' dir='ltr'><em>εἰκός.</em></span> 
     </span>
    </p>
   </div>
   <div class='ocr_carea' id='block_1_7' title="bbox 551 1449 1291 1984">
    <p class='ocr_par' dir='ltr' id='par_1_7' title="bbox 554 1449 1291 1654">
     <span class='ocr_line' id='line_1_11' title="bbox 556 1449 1291 1536; baseline 0.004 -21"><span class='ocrx_word' id='word_1_52' title='bbox 556 1452 586 1516; x_wconf 91' lang='lat' dir='ltr'><em>b.</em></span> <span class='ocrx_word' id='word_1_53' title='bbox 622 1449 710 1516; x_wconf 82' lang='grc' dir='ltr'><em>ἀλλὰ</em></span> <span class='ocrx_word' id='word_1_54' title='bbox 732 1451 816 1533; x_wconf 76' lang='grc' dir='ltr'><em>τοὺς</em></span> <span class='ocrx_word' id='word_1_55' title='bbox 839 1449 959 1536; x_wconf 77' lang='grc' dir='ltr'><em>πολλῷ</em></span> <span class='ocrx_word' id='word_1_56' title='bbox 983 1489 1024 1496; x_wconf 90' lang='grc'><em>--</em></span> <span class='ocrx_word' id='word_1_57' title='bbox 1047 1454 1291 1535; x_wconf 77' lang='grc' dir='ltr'><em>κεκτημένους.</em></span> 
     </span>
     <span class='ocr_line' id='line_1_12' title="bbox 554 1570 1007 1654; baseline 0.002 -18"><span class='ocrx_word' id='word_1_58' title='bbox 554 1591 584 1636; x_wconf 92' lang='lat' dir='ltr'><em>a.</em></span> <span class='ocrx_word' id='word_1_59' title='bbox 620 1570 700 1637; x_wconf 78' lang='grc' dir='ltr'><em>οὐδὲ</em></span> <span class='ocrx_word' id='word_1_60' title='bbox 722 1572 805 1654; x_wconf 78' lang='grc' dir='ltr'><em>τοὺς</em></span> <span class='ocrx_word' id='word_1_61' title='bbox 828 1609 870 1617; x_wconf 92' lang='grc'>-</span> <span class='ocrx_word' id='word_1_62' title='bbox 893 1570 1007 1653; x_wconf 73' lang='grc' dir='ltr'><em>ὄντας.</em></span> 
     </span>
    </p>

    <p class='ocr_par' dir='ltr' id='par_1_8' title="bbox 554 1673 938 1758">
     <span class='ocr_line' id='line_1_13' title="bbox 554 1673 938 1758; baseline 0 -18"><span class='ocrx_word' id='word_1_63' title='bbox 554 1675 583 1740; x_wconf 90' lang='lat' dir='ltr'><em>b.</em></span> <span class='ocrx_word' id='word_1_64' title='bbox 620 1673 772 1739; x_wconf 80' lang='grc' dir='ltr'><em>ἀλλὰ-</em></span> <span class='ocrx_word' id='word_1_65' title='bbox 795 1676 938 1758; x_wconf 82' lang='grc' dir='ltr'><em>ῥώμαις.</em></span> 
     </span>
    </p>

    <p class='ocr_par' dir='ltr' id='par_1_9' title="bbox 553 1793 1173 1886">
     <span class='ocr_line' id='line_1_14' title="bbox 553 1793 1173 1886; baseline 0.002 -26"><span class='ocrx_word' id='word_1_66' title='bbox 553 1815 582 1860; x_wconf 90' lang='lat' dir='ltr'><em>a.</em></span> <span class='ocrx_word' id='word_1_67' title='bbox 619 1793 698 1861; x_wconf 83' lang='grc' dir='ltr'><em>οὐδὲ</em></span> <span class='ocrx_word' id='word_1_68' title='bbox 721 1794 804 1877; x_wconf 78' lang='grc' dir='ltr'><em>τοὺς</em></span> <span class='ocrx_word' id='word_1_69' title='bbox 827 1793 893 1886; x_wconf 80' lang='grc' dir='ltr'><em>ἤδη</em></span> <span class='ocrx_word' id='word_1_70' title='bbox 917 1833 959 1842; x_wconf 87' lang='lat'><em>-</em></span> <span class='ocrx_word' id='word_1_71' title='bbox 982 1803 1024 1881; x_wconf 73' lang='grc' dir='ltr'><em>τῇ</em></span> <span class='ocrx_word' id='word_1_72' title='bbox 1048 1794 1173 1880; x_wconf 78' lang='grc' dir='ltr'><em>ἡλικίᾳ.</em></span> 
     </span>
    </p>

    <p class='ocr_par' dir='ltr' id='par_1_10' title="bbox 551 1899 1178 1984">
     <span class='ocr_line' id='line_1_15' title="bbox 551 1899 1178 1984; baseline 0.003 -20"><span class='ocrx_word' id='word_1_73' title='bbox 551 1900 580 1966; x_wconf 94' lang='lat' dir='ltr'><em>b.</em></span> <span class='ocrx_word' id='word_1_74' title='bbox 616 1899 704 1965; x_wconf 80' lang='grc' dir='ltr'><em>ἀλλὰ</em></span> <span class='ocrx_word' id='word_1_75' title='bbox 727 1900 809 1982; x_wconf 73' lang='grc' dir='ltr'><em>τοὺς</em></span> <span class='ocrx_word' id='word_1_76' title='bbox 833 1900 883 1965; x_wconf 80' lang='grc' dir='ltr'><em>έιι</em></span> <span class='ocrx_word' id='word_1_77' title='bbox 905 1938 946 1946; x_wconf 87' lang='grc'>-</span> <span class='ocrx_word' id='word_1_78' title='bbox 967 1904 1178 1984; x_wconf 82' lang='grc' dir='ltr'><em>χρωμένους.</em></span> 
     </span>
    </p>
   </div>
   <div class='ocr_carea' id='block_1_8' title="bbox 448 1595 530 1764">
    <p class='ocr_par' dir='ltr' id='par_1_11' title="bbox 448 1595 530 1764">
     <span class='ocr_line' id='line_1_16' title="bbox 448 1595 530 1764; baseline 0 0"><span class='ocrx_word' id='word_1_79' title='bbox 448 1595 530 1764; x_wconf 81' lang='grc' dir='ltr'><em>Πι</em></span> 
     </span>
    </p>
   </div>
   <div class='ocr_carea' id='block_1_9' title="bbox 426 1851 491 1915">
    <p class='ocr_par' dir='ltr' id='par_1_12' title="bbox 426 1851 491 1915">
     <span class='ocr_line' id='line_1_17' title="bbox 426 1851 491 1915; baseline -0.015 0"><span class='ocrx_word' id='word_1_80' title='bbox 426 1851 491 1915; x_wconf 88' lang='grc' dir='ltr'><em>ΙΙΙ.</em></span> 
     </span>
    </p>
   </div>
   <div class='ocr_carea' id='block_1_10' title="bbox 327 2020 1231 2968">
    <p class='ocr_par' dir='ltr' id='par_1_13' title="bbox 327 2020 1231 2968">
     <span class='ocr_line' id='line_1_18' title="bbox 370 2029 418 2088; baseline -0.021 0"><span class='ocrx_word' id='word_1_81' title='bbox 370 2029 418 2088; x_wconf 82' lang='lat'><em>17.</em></span> 
     </span>
     <span class='ocr_line' id='line_1_19' title="bbox 327 2020 1104 2224; baseline -0.003 -49"><span class='ocrx_word' id='word_1_82' title='bbox 327 2020 345 2106; x_wconf 54' lang='grc' dir='ltr'>ξ</span> <span class='ocrx_word' id='word_1_83' title='bbox 466 2162 483 2224; x_wconf 70' lang='lat' dir='ltr'>I</span> <span class='ocrx_word' id='word_1_84' title='bbox 522 2126 584 2192; x_wconf 71' lang='lat' dir='ltr'><em>ta.</em></span> <span class='ocrx_word' id='word_1_85' title='bbox 619 2112 651 2175; x_wconf 90' lang='grc' dir='ltr'><em>οί</em></span> <span class='ocrx_word' id='word_1_86' title='bbox 673 2110 738 2193; x_wconf 92' lang='grc' dir='ltr'><em>μέν</em></span> <span class='ocrx_word' id='word_1_87' title='bbox 760 2110 822 2192; x_wconf 80' lang='grc' dir='ltr'><em>γὰρ</em></span> <span class='ocrx_word' id='word_1_88' title='bbox 847 2145 889 2153; x_wconf 88' lang='grc'>-</span> <span class='ocrx_word' id='word_1_89' title='bbox 912 2108 1104 2191; x_wconf 86' lang='grc' dir='ltr'><em>κινδύνους.</em></span> 
     </span>
     <span class='ocr_line' id='line_1_20' title="bbox 486 2206 1231 2295; baseline 0.003 -19"><span class='ocrx_word' id='word_1_90' title='bbox 486 2212 492 2225; x_wconf 87' lang='grc'><strong>“</strong></span> <span class='ocrx_word' id='word_1_91' title='bbox 523 2206 528 2290; x_wconf 73' lang='grc' dir='ltr'><em>ί</em></span> <span class='ocrx_word' id='word_1_92' title='bbox 553 2213 582 2277; x_wconf 94' lang='lat' dir='ltr'><em>b.</em></span> <span class='ocrx_word' id='word_1_93' title='bbox 618 2215 651 2276; x_wconf 89' lang='grc' dir='ltr'><em>οῖ</em></span> <span class='ocrx_word' id='word_1_94' title='bbox 674 2210 710 2278; x_wconf 92' lang='grc' dir='ltr'><em>δέ</em></span> <span class='ocrx_word' id='word_1_95' title='bbox 733 2215 881 2295; x_wconf 70' lang='grc' dir='ltr'><em>πένητες</em></span> <span class='ocrx_word' id='word_1_96' title='bbox 910 2250 946 2257; x_wconf 90' lang='lat'>-</span> <span class='ocrx_word' id='word_1_97' title='bbox 970 2211 1231 2295; x_wconf 77' lang='grc' dir='ltr'><em>ἀναγκάζονται.</em></span> 
     </span>
     <span class='ocr_line' id='line_1_21' title="bbox 552 2330 1170 2416; baseline 0.002 -19"><span class='ocrx_word' id='word_1_98' title='bbox 552 2351 581 2397; x_wconf 92' lang='lat' dir='ltr'><em>a.</em></span> <span class='ocrx_word' id='word_1_99' title='bbox 617 2335 650 2396; x_wconf 82' lang='grc' dir='ltr'><em>οῖ</em></span> <span class='ocrx_word' id='word_1_100' title='bbox 671 2333 735 2414; x_wconf 88' lang='grc' dir='ltr'><em>μέν</em></span> <span class='ocrx_word' id='word_1_101' title='bbox 758 2333 830 2396; x_wconf 90' lang='grc' dir='ltr'><em>νέοι</em></span> <span class='ocrx_word' id='word_1_102' title='bbox 851 2370 893 2376; x_wconf 92' lang='lat'><em>-—</em></span> <span class='ocrx_word' id='word_1_103' title='bbox 917 2330 1170 2416; x_wconf 78' lang='grc' dir='ltr'><em>πρεσβυτέρων.</em></span> 
     </span>
     <span class='ocr_line' id='line_1_22' title="bbox 551 2434 1188 2520; baseline 0.002 -19"><span class='ocrx_word' id='word_1_104' title='bbox 551 2437 581 2501; x_wconf 91' lang='lat' dir='ltr'><em>b.</em></span> <span class='ocrx_word' id='word_1_105' title='bbox 617 2442 690 2517; x_wconf 81' lang='grc' dir='ltr'><em>τοῖς</em></span> <span class='ocrx_word' id='word_1_106' title='bbox 714 2434 748 2500; x_wconf 73' lang='grc' dir='ltr'><em>δ’</em></span> <span class='ocrx_word' id='word_1_107' title='bbox 770 2437 899 2519; x_wconf 81' lang='grc' dir='ltr'><em>έιέροις</em></span> <span class='ocrx_word' id='word_1_108' title='bbox 924 2474 964 2481; x_wconf 92' lang='grc'>-</span> <span class='ocrx_word' id='word_1_109' title='bbox 988 2436 1188 2520; x_wconf 73' lang='grc' dir='ltr'><em>ἀμφότεροι.</em></span> 
     </span>
     <span class='ocr_line' id='line_1_23' title="bbox 424 2555 1194 2672; baseline 0.001 -51"><span class='ocrx_word' id='word_1_110' title='bbox 424 2609 478 2672; x_wconf 69' lang='grc' dir='ltr'><em>ΠΙ</em></span> <span class='ocrx_word' id='word_1_111' title='bbox 520 2568 525 2638; x_wconf 73' lang='lat' dir='ltr'><strong>t</strong></span> <span class='ocrx_word' id='word_1_112' title='bbox 551 2576 580 2621; x_wconf 86' lang='lat' dir='ltr'><em>a.</em></span> <span class='ocrx_word' id='word_1_113' title='bbox 615 2561 688 2637; x_wconf 75' lang='grc' dir='ltr'><em>τοῖς</em></span> <span class='ocrx_word' id='word_1_114' title='bbox 711 2556 775 2639; x_wconf 92' lang='grc' dir='ltr'><em>μέν</em></span> <span class='ocrx_word' id='word_1_115' title='bbox 800 2557 949 2640; x_wconf 83' lang='grc' dir='ltr'><em>ἰσχυροῖς</em></span> <span class='ocrx_word' id='word_1_116' title='bbox 973 2593 1014 2602; x_wconf 90' lang='grc'>-</span> <span class='ocrx_word' id='word_1_117' title='bbox 1036 2555 1194 2639; x_wconf 75' lang='grc' dir='ltr'><em>ὑβρίζειν.</em></span> 
     </span>
     <span class='ocr_line' id='line_1_24' title="bbox 483 2639 944 2752; baseline -0.002 -27"><span class='ocrx_word' id='word_1_118' title='bbox 483 2661 488 2672; x_wconf 88' lang='grc'><strong>’</strong></span> <span class='ocrx_word' id='word_1_119' title='bbox 519 2639 525 2752; x_wconf 74' lang='grc' dir='ltr'><em>ί</em></span> <span class='ocrx_word' id='word_1_120' title='bbox 551 2661 580 2725; x_wconf 91' lang='lat' dir='ltr'><em>b.</em></span> <span class='ocrx_word' id='word_1_121' title='bbox 615 2665 689 2740; x_wconf 78' lang='grc' dir='ltr'><em>τοῖς</em></span> <span class='ocrx_word' id='word_1_122' title='bbox 712 2657 749 2724; x_wconf 88' lang='grc' dir='ltr'><em>δέ</em></span> <span class='ocrx_word' id='word_1_123' title='bbox 772 2658 944 2725; x_wconf 78' lang='grc' dir='ltr'><em>ἀσδενέσι.</em></span> 
     </span>
     <span class='ocr_line' id='line_1_25' title="bbox 644 2778 1106 2862; baseline 0.002 -17"><span class='ocrx_word' id='word_1_124' title='bbox 644 2787 671 2846; x_wconf 90' lang='grc'><em>1.</em></span> <span class='ocrx_word' id='word_1_125' title='bbox 706 2778 785 2845; x_wconf 73' lang='grc' dir='ltr'><em>οὔτε</em></span> <span class='ocrx_word' id='word_1_126' title='bbox 809 2818 851 2826; x_wconf 86' lang='grc'><strong>-</strong></span> <span class='ocrx_word' id='word_1_127' title='bbox 872 2779 1106 2862; x_wconf 79' lang='grc' dir='ltr'><em>ὑπάρξαντας.</em></span> 
     </span>
     <span class='ocr_line' id='line_1_26' title="bbox 641 2882 1122 2968; baseline -0.002 -18"><span class='ocrx_word' id='word_1_128' title='bbox 641 2890 670 2950; x_wconf 86' lang='grc'><em>2.</em></span> <span class='ocrx_word' id='word_1_129' title='bbox 706 2883 785 2950; x_wconf 74' lang='grc' dir='ltr'><em>οὔτε</em></span> <span class='ocrx_word' id='word_1_130' title='bbox 807 2921 850 2929; x_wconf 89' lang='grc'><strong>-</strong></span> <span class='ocrx_word' id='word_1_131' title='bbox 873 2882 1122 2968; x_wconf 79' lang='grc' dir='ltr'><em>ἀδικουμένων.</em></span> 
     </span>
    </p>
   </div>
   <div class='ocr_carea' id='block_1_11' title="bbox 445 2385 491 2449">
    <p class='ocr_par' dir='ltr' id='par_1_14' title="bbox 445 2385 491 2449">
     <span class='ocr_line' id='line_1_27' title="bbox 445 2385 491 2449; baseline 0 -1"><span class='ocrx_word' id='word_1_132' title='bbox 445 2385 491 2449; x_wconf 90' lang='grc' dir='ltr'><em>ΙΙ.</em></span> 
     </span>
    </p>
   </div>
   <div class='ocr_carea' id='block_1_12' title="bbox 279 3023 1412 4300">
    <p class='ocr_par' dir='ltr' id='par_1_15' title="bbox 279 3023 1412 3629">
     <span class='ocr_line' id='line_1_28' title="bbox 366 3023 1410 3091; baseline -0.003 0"><span class='ocrx_word' id='word_1_133' title='bbox 366 3027 560 3091; x_wconf 81' lang='lat' dir='ltr'><strong>Extremum</strong></span> <span class='ocrx_word' id='word_1_134' title='bbox 584 3024 682 3090; x_wconf 90' lang='lat' dir='ltr'><strong>huius</strong></span> <span class='ocrx_word' id='word_1_135' title='bbox 706 3024 813 3089; x_wconf 89' lang='lat' dir='ltr'><strong>triooli</strong></span> <span class='ocrx_word' id='word_1_136' title='bbox 837 3025 990 3090; x_wconf 76' lang='lat' dir='ltr'><strong>antitheti</strong></span> <span class='ocrx_word' id='word_1_137' title='bbox 1012 3025 1195 3090; x_wconf 83' lang='lat' dir='ltr'><strong>membrum</strong></span> <span class='ocrx_word' id='word_1_138' title='bbox 1212 3023 1410 3090; x_wconf 82' lang='lat' dir='ltr'><strong>anteceden-</strong></span> 
     </span>
     <span class='ocr_line' id='line_1_29' title="bbox 280 3124 1411 3210; baseline 0 -18"><span class='ocrx_word' id='word_1_139' title='bbox 280 3130 369 3194; x_wconf 89' lang='lat' dir='ltr'><strong>tibus</strong></span> <span class='ocrx_word' id='word_1_140' title='bbox 394 3129 520 3194; x_wconf 90' lang='lat' dir='ltr'><strong>ambitu</strong></span> <span class='ocrx_word' id='word_1_141' title='bbox 545 3129 726 3207; x_wconf 81' lang='lat' dir='ltr'><strong>antecellit,</strong></span> <span class='ocrx_word' id='word_1_142' title='bbox 750 3148 823 3194; x_wconf 88' lang='lat' dir='ltr'><em>eum</em></span> <span class='ocrx_word' id='word_1_143' title='bbox 848 3128 1069 3194; x_wconf 77' lang='lat' dir='ltr'><strong>subnectatur</strong></span> <span class='ocrx_word' id='word_1_144' title='bbox 1092 3124 1241 3193; x_wconf 82' lang='grc' dir='ltr'><em>δίκωίον</em></span> <span class='ocrx_word' id='word_1_145' title='bbox 1260 3125 1354 3210; x_wconf 71' lang='grc' dir='ltr'><em>(οὔτε</em></span> <span class='ocrx_word' id='word_1_146' title='bbox 1370 3164 1411 3172; x_wconf 97' lang='grc'>-</span> 
     </span>
     <span class='ocr_line' id='line_1_30' title="bbox 281 3230 1412 3316; baseline -0.001 -19"><span class='ocrx_word' id='word_1_147' title='bbox 281 3231 383 3316; x_wconf 77' lang='grc' dir='ltr'><em>οὔτε),</em></span> <span class='ocrx_word' id='word_1_148' title='bbox 412 3251 480 3313; x_wconf 89' lang='lat' dir='ltr'><em>qua</em></span> <span class='ocrx_word' id='word_1_149' title='bbox 508 3231 548 3296; x_wconf 87' lang='lat' dir='ltr'><em>de</em></span> <span class='ocrx_word' id='word_1_150' title='bbox 573 3251 690 3296; x_wconf 90' lang='lat' dir='ltr'><strong>norma</strong></span> <span class='ocrx_word' id='word_1_151' title='bbox 713 3230 830 3297; x_wconf 85' lang='lat' dir='ltr'><strong>Oioero</strong></span> <span class='ocrx_word' id='word_1_152' title='bbox 858 3232 898 3297; x_wconf 90' lang='lat' dir='ltr'><em>de</em></span> <span class='ocrx_word' id='word_1_153' title='bbox 923 3237 1056 3297; x_wconf 90' lang='lat' dir='ltr'><strong>oratore</strong></span> <span class='ocrx_word' id='word_1_154' title='bbox 1079 3233 1144 3296; x_wconf 87' lang='lat' dir='ltr'><strong>III.</strong></span> <span class='ocrx_word' id='word_1_155' title='bbox 1168 3237 1219 3296; x_wconf 83' lang='grc'><em>48.</em></span> <span class='ocrx_word' id='word_1_156' title='bbox 1246 3237 1306 3298; x_wconf 88' lang='grc'><em>186</em></span> <span class='ocrx_word' id='word_1_157' title='bbox 1331 3231 1412 3297; x_wconf 88' lang='lat' dir='ltr'><strong>dioit</strong></span> 
     </span>
     <span class='ocr_line' id='line_1_31' title="bbox 279 3335 1410 3418; baseline -0.001 -16"><span class='ocrx_word' id='word_1_158' title='bbox 279 3338 377 3402; x_wconf 83' lang='lat' dir='ltr'><strong>haee:</strong></span> <span class='ocrx_word' id='word_1_159' title='bbox 415 3335 623 3417; x_wconf 79' lang='lat' dir='ltr'><strong>„posteriora</strong></span> <span class='ocrx_word' id='word_1_160' title='bbox 658 3335 896 3417; x_wconf 81' lang='lat' dir='ltr'><strong>superioribus,</strong></span> <span class='ocrx_word' id='word_1_161' title='bbox 932 3342 1081 3402; x_wconf 79' lang='lat' dir='ltr'><strong>extrema</strong></span> <span class='ocrx_word' id='word_1_162' title='bbox 1109 3336 1224 3418; x_wconf 91' lang='lat' dir='ltr'><strong>primis</strong></span> <span class='ocrx_word' id='word_1_163' title='bbox 1255 3336 1410 3402; x_wconf 90' lang='lat' dir='ltr'><em>membris</em></span> 
     </span>
     <span class='ocr_line' id='line_1_32' title="bbox 279 3438 1409 3525; baseline 0 -21"><span class='ocrx_word' id='word_1_164' title='bbox 279 3441 432 3525; x_wconf 85' lang='lat' dir='ltr'><strong>longiora</strong></span> <span class='ocrx_word' id='word_1_165' title='bbox 456 3457 530 3505; x_wconf 88' lang='lat' dir='ltr'><strong>esse</strong></span> <span class='ocrx_word' id='word_1_166' title='bbox 554 3438 706 3504; x_wconf 83' lang='lat' dir='ltr'><strong>debent“.</strong></span> <span class='ocrx_word' id='word_1_167' title='bbox 753 3441 870 3520; x_wconf 89' lang='lat' dir='ltr'><strong>Neque</strong></span> <span class='ocrx_word' id='word_1_168' title='bbox 894 3440 1003 3506; x_wconf 92' lang='lat' dir='ltr'><strong>minus</strong></span> <span class='ocrx_word' id='word_1_169' title='bbox 1028 3440 1125 3506; x_wconf 91' lang='lat' dir='ltr'><strong>huius</strong></span> <span class='ocrx_word' id='word_1_170' title='bbox 1149 3440 1304 3506; x_wconf 83' lang='lat' dir='ltr'><strong>dictionis</strong></span> <span class='ocrx_word' id='word_1_171' title='bbox 1329 3440 1409 3504; x_wconf 87' lang='lat' dir='ltr'><strong>arti·</strong></span> 
     </span>
     <span class='ocr_line' id='line_1_33' title="bbox 279 3540 1306 3629; baseline 0.002 -21"><span class='ocrx_word' id='word_1_172' title='bbox 279 3544 413 3609; x_wconf 85' lang='lat' dir='ltr'><strong>fioiosae</strong></span> <span class='ocrx_word' id='word_1_173' title='bbox 437 3542 604 3623; x_wconf 77' lang='lat' dir='ltr'><strong>specimen</strong></span> <span class='ocrx_word' id='word_1_174' title='bbox 628 3543 834 3609; x_wconf 81' lang='lat' dir='ltr'><strong>luculentum</strong></span> <span class='ocrx_word' id='word_1_175' title='bbox 857 3545 1021 3624; x_wconf 90' lang='lat' dir='ltr'><strong>praebent</strong></span> <span class='ocrx_word' id='word_1_176' title='bbox 1043 3541 1062 3629; x_wconf 65' lang='grc' dir='ltr'>ξ</span> <span class='ocrx_word' id='word_1_177' title='bbox 1086 3551 1128 3609; x_wconf 80' lang='lat'><em>24</em></span> <span class='ocrx_word' id='word_1_178' title='bbox 1151 3551 1184 3610; x_wconf 90' lang='lat' dir='ltr'><em>et</em></span> <span class='ocrx_word' id='word_1_179' title='bbox 1207 3540 1226 3628; x_wconf 65' lang='grc' dir='ltr'>ξ</span> <span class='ocrx_word' id='word_1_180' title='bbox 1250 3549 1306 3610; x_wconf 82' lang='lat'><em>25:</em></span> 
     </span>
    </p>

    <p class='ocr_par' dir='ltr' id='par_1_16' title="bbox 550 3659 1149 3850">
     <span class='ocr_line' id='line_1_34' title="bbox 550 3659 1149 3748; baseline 0.008 -23"><span class='ocrx_word' id='word_1_181' title='bbox 550 3681 579 3727; x_wconf 89' lang='lat' dir='ltr'><em>a.</em></span> <span class='ocrx_word' id='word_1_182' title='bbox 615 3660 694 3726; x_wconf 80' lang='grc' dir='ltr'><em>ἀλλ’</em></span> <span class='ocrx_word' id='word_1_183' title='bbox 717 3659 771 3727; x_wconf 76' lang='grc' dir='ltr'><em>ὅτι</em></span> <span class='ocrx_word' id='word_1_184' title='bbox 793 3699 835 3706; x_wconf 90' lang='grc'>-</span> <span class='ocrx_word' id='word_1_185' title='bbox 858 3661 1149 3748; x_wconf 74' lang='grc' dir='ltr'><em>φιλακεχδήμων.</em></span> 
     </span>
     <span class='ocr_line' id='line_1_35' title="bbox 551 3762 1034 3850; baseline 0.008 -21"><span class='ocrx_word' id='word_1_186' title='bbox 551 3766 580 3830; x_wconf 94' lang='lat' dir='ltr'><em>b.</em></span> <span class='ocrx_word' id='word_1_187' title='bbox 617 3762 696 3830; x_wconf 80' lang='grc' dir='ltr'><em>ἀλλ’</em></span> <span class='ocrx_word' id='word_1_188' title='bbox 719 3765 760 3830; x_wconf 86' lang='grc' dir='ltr'><em>οὐ</em></span> <span class='ocrx_word' id='word_1_189' title='bbox 783 3802 823 3811; x_wconf 95' lang='grc'>-</span> <span class='ocrx_word' id='word_1_190' title='bbox 846 3768 1034 3850; x_wconf 89' lang='grc' dir='ltr'><em>χρώμενος.</em></span> 
     </span>
    </p>

    <p class='ocr_par' dir='ltr' id='par_1_17' title="bbox 439 3882 976 4004">
     <span class='ocr_line' id='line_1_36' title="bbox 439 3882 976 4004; baseline 0.007 -57"><span class='ocrx_word' id='word_1_191' title='bbox 439 3939 475 4004; x_wconf 77' lang='lat' dir='ltr'>H</span> <span class='ocrx_word' id='word_1_192' title='bbox 516 3903 576 3976; x_wconf 63' lang='lat' dir='ltr'><em>pa.</em></span> <span class='ocrx_word' id='word_1_193' title='bbox 613 3882 692 3948; x_wconf 78' lang='grc' dir='ltr'><em>ἀλλ’</em></span> <span class='ocrx_word' id='word_1_194' title='bbox 714 3883 769 3949; x_wconf 83' lang='grc' dir='ltr'><em>ὅτι</em></span> <span class='ocrx_word' id='word_1_195' title='bbox 791 3922 833 3929; x_wconf 94' lang='grc'>-</span> <span class='ocrx_word' id='word_1_196' title='bbox 855 3883 976 3968; x_wconf 87' lang='grc' dir='ltr'><em>βίαιος.</em></span> 
     </span>
    </p>

    <p class='ocr_par' dir='ltr' id='par_1_18' title="bbox 479 3983 1084 4082">
     <span class='ocr_line' id='line_1_37' title="bbox 479 3983 1084 4082; baseline 0.003 -28"><span class='ocrx_word' id='word_1_197' title='bbox 479 3989 484 4003; x_wconf 84' lang='grc'><strong>’</strong></span> <span class='ocrx_word' id='word_1_198' title='bbox 515 3983 522 4082; x_wconf 73' lang='grc' dir='ltr'><em>ί</em></span> <span class='ocrx_word' id='word_1_199' title='bbox 546 3989 574 4054; x_wconf 89' lang='lat' dir='ltr'><em>b.</em></span> <span class='ocrx_word' id='word_1_200' title='bbox 611 3986 690 4052; x_wconf 79' lang='grc' dir='ltr'><em>ἀλλ’</em></span> <span class='ocrx_word' id='word_1_201' title='bbox 712 3986 791 4054; x_wconf 83' lang='grc' dir='ltr'><em>οὐδ’</em></span> <span class='ocrx_word' id='word_1_202' title='bbox 814 3988 922 4054; x_wconf 87' lang='grc' dir='ltr'><em>ἀν-</em></span> <span class='ocrx_word' id='word_1_203' title='bbox 945 3991 1084 4074; x_wconf 88' lang='grc' dir='ltr'><em>ὁμοίως.</em></span> 
     </span>
    </p>

    <p class='ocr_par' dir='ltr' id='par_1_19' title="bbox 544 4109 1098 4300">
     <span class='ocr_line' id='line_1_38' title="bbox 544 4109 1098 4179; baseline 0.004 -3"><span class='ocrx_word' id='word_1_204' title='bbox 544 4129 574 4178; x_wconf 88' lang='lat' dir='ltr'><em>a.</em></span> <span class='ocrx_word' id='word_1_205' title='bbox 610 4109 689 4176; x_wconf 80' lang='grc' dir='ltr'><em>ἀλλ’</em></span> <span class='ocrx_word' id='word_1_206' title='bbox 712 4109 766 4176; x_wconf 80' lang='grc' dir='ltr'><em>ὅτι</em></span> <span class='ocrx_word' id='word_1_207' title='bbox 789 4112 847 4176; x_wconf 84' lang='grc' dir='ltr'><em>έιιί</em></span> <span class='ocrx_word' id='word_1_208' title='bbox 869 4148 912 4156; x_wconf 95' lang='grc'>-</span> <span class='ocrx_word' id='word_1_209' title='bbox 934 4111 1098 4179; x_wconf 73' lang='grc' dir='ltr'><em>πολιτῶν.</em></span> 
     </span>
     <span class='ocr_line' id='line_1_39' title="bbox 544 4214 1074 4300; baseline 0.002 -18"><span class='ocrx_word' id='word_1_210' title='bbox 544 4216 573 4282; x_wconf 92' lang='lat' dir='ltr'><em>b.</em></span> <span class='ocrx_word' id='word_1_211' title='bbox 611 4214 698 4281; x_wconf 79' lang='grc' dir='ltr'><em>αλλὰ</em></span> <span class='ocrx_word' id='word_1_212' title='bbox 720 4217 807 4300; x_wconf 74' lang='grc' dir='ltr'><em>μετὰ</em></span> <span class='ocrx_word' id='word_1_213' title='bbox 831 4254 873 4262; x_wconf 89' lang='grc'>-</span> <span class='ocrx_word' id='word_1_214' title='bbox 896 4216 1074 4283; x_wconf 76' lang='grc' dir='ltr'><em>ἁπάντων.</em></span> 
     </span>
    </p>
   </div>
   <div class='ocr_carea' id='block_1_13' title="bbox 521 3663 523 3674">
    <p class='ocr_par' dir='ltr' id='par_1_20' title="bbox 521 3663 523 3674">
     <span class='ocr_line' id='line_1_40' title="bbox 521 3663 523 3674; baseline 0 0"><span class='ocrx_word' id='word_1_215' title='bbox 521 3663 523 3674; x_wconf 83' lang='grc' dir='ltr'><em>ι</em></span> 
     </span>
    </p>
   </div>
   <div class='ocr_carea' id='block_1_14' title="bbox 462 3716 487 3779">
    <p class='ocr_par' dir='ltr' id='par_1_21' title="bbox 462 3716 487 3779">
     <span class='ocr_line' id='line_1_41' title="bbox 462 3716 487 3779; baseline 0 0"><span class='ocrx_word' id='word_1_216' title='bbox 462 3716 487 3779; x_wconf 93' lang='lat' dir='ltr'><em>I.</em></span> 
     </span>
    </p>
   </div>
   <div class='ocr_carea' id='block_1_15' title="bbox 419 4165 482 4229">
    <p class='ocr_par' dir='ltr' id='par_1_22' title="bbox 419 4165 482 4229">
     <span class='ocr_line' id='line_1_42' title="bbox 419 4165 482 4229; baseline -0.016 0"><span class='ocrx_word' id='word_1_217' title='bbox 419 4165 482 4229; x_wconf 91' lang='lat' dir='ltr'>III.</span> 
     </span>
    </p>
   </div>
   <div class='ocr_carea' id='block_1_16' title="bbox 0 0 1646 4956">
    <p class='ocr_par' dir='ltr' id='par_1_23' title="bbox 0 0 1646 4956">
     <span class='ocr_line' id='line_1_43' title="bbox 0 0 1646 4956; baseline 0 8"><span class='ocrx_word' id='word_1_218' title='bbox 0 0 1646 4956; x_wconf 95' lang='lat' dir='ltr'><em> </em></span> 
     </span>
    </p>
   </div>
  </div>
 </body>
</html>
