3284 4956
731 314 947 376 ..32-

275 497 363 580 quod
385 498 451 562 iam
467 498 610 564 Photius
634 502 724 563 recte
748 498 916 581 cognovit,
940 503 1053 577 utpote
1078 498 1134 577 qui
1158 496 1405 562 ood.498A50

274 598 386 682 (Bkk.)
411 598 536 683 ἰδίωμα
552 599 683 665 Λυσίου
706 601 764 664 καὶ
787 599 827 664 τὸ
851 599 914 680 τὰς
937 598 1131 680 ἀντιθέσεις
1147 598 1311 682 προάγειν
1327 618 1403 664 con-

275 704 427 769 tenderit.
463 704 540 786 Qua
562 704 718 770 instructi
741 704 883 768 scientia
906 704 935 768 si
958 704 1134 768 nonnullas
1158 704 1403 784 perlustramus

275 808 456 886 orationes,
479 807 642 872 latissime
657 813 773 888 patere
794 809 883 872 hunc
898 806 1023 888 Lysiae
1038 825 1163 872 morem
1179 804 1404 883 inveniemus;

275 911 416 991 exempli
439 911 550 993 gratia
574 909 679 976 affero
703 930 749 976 or.
774 916 848 989 3⁴o3
879 915 971 989 1221;
997 915 1090 988 12⁵1;
1118 914 1214 986 2711;
1243 914 1333 987 3110,
1357 926 1404 986 ης

263 1015 364 1102 Ι3411,
399 1019 437 1078 ut
471 1014 604 1079 silentio
637 1018 848 1093 praeteream
884 1012 1057 1077 funebrem
1089 1013 1180 1078 illam
1208 1012 1404 1092 orationem,

274 1135 361 1197 quae
384 1121 457 1181 tota
480 1121 532 1182 est
554 1116 682 1181 referta
709 1115 861 1181 omnibus
885 1115 1124 1180 antithetorum
1149 1119 1404 1196 ceterarumque

274 1220 456 1302 figurarum
481 1219 666 1304 generibus.
702 1219 743 1284 cf.
760 1219 906 1298 Norden,
925 1218 1050 1282 Antike
1066 1218 1285 1300 Kunstprosa
1297 1220 1362 1284 vol.
1375 1220 1402 1284 Ι.

273 1343 304 1404 p.
321 1328 390 1388 120.
430 1322 678 1407 Omniaigitur
699 1323 734 1387 in
757 1327 875 1388 nostra
898 1321 1049 1388 oratioue
1073 1323 1195 1401 optime
1220 1341 1403 1406 congruere

274 1446 349 1491 oum
372 1427 495 1509 Lysiae
520 1446 672 1492 sermone
696 1432 729 1492 et
752 1426 1171 1506 consuetudine-dilucide,
1199 1445 1310 1507 spero,
1334 1445 1404 1491 cer·

275 1529 373 1594 nitur.

303 1683 307 1690 .
360 1633 432 1698 Iam
460 1633 538 1697 licet
565 1632 619 1697 hic
642 1634 740 1698 finem
768 1633 880 1698 facere
904 1631 1132 1713 disputationi,
1166 1634 1298 1698 etiamsi
1321 1652 1403 1699 non-

275 1736 377 1815 nulla,
401 1754 488 1814 quae
512 1755 592 1801 vero
616 1737 751 1802 minoris
776 1742 854 1802 sunt
876 1735 1044 1818 ponderis
1069 1755 1156 1802 ame
1179 1737 1310 1802 intacta
1328 1755 1402 1803 esse

273 1839 392 1904 relicta
415 1857 479 1904 nou
504 1840 625 1905 nescio.
665 1841 722 1906 Sin
747 1845 954 1921 argumenta,
979 1841 1098 1922 quibus
1122 1859 1203 1906 usus
1220 1860 1303 1920 sum,
1320 1840 1402 1906 satis

273 1943 370 2008 firma
393 1949 426 2007 et
450 1943 492 2008 ad
514 1943 787 2023 persuadendum
812 1944 926 2009 valida
949 1945 1143 2024 extiterunt,
1166 1944 1254 2009 haud
1273 1943 1341 2009 scio
1358 1962 1400 2008 an

273 2047 340 2111 iam
369 2066 457 2112 nunc
484 2066 647 2113 summam
674 2046 785 2112 facere
818 2047 941 2128 possim
976 2067 1100 2126 eorum,
1135 2066 1221 2127 quae
1250 2047 1402 2128 exposui:

273 2156 395 2230 recte,
420 2152 569 2232 opinor,
593 2150 936 2230 ratiocinabimun
965 2150 998 2215 si
1021 2150 1181 2232 Lysiam
1204 2150 1403 2215 orationis

273 2252 375 2335 ὑπὲρ
399 2257 470 2318 τοῦ
495 2250 701 2317 ἀδυνάτου
731 2254 951 2334 inscriptae
981 2259 1180 2319 auctorem
1210 2272 1297 2320 esse
1321 2258 1404 2318 sta-

273 2357 431 2422 tuimus

530 4241 868 4306 ‘rypifs'axpressit'offiffi's
882 4241 1010 4304 Sulewski,
1020 4239 1144 4296 'Ito-totins
