<?xml version="1.0" encoding="UTF-8"?>
<!DOCTYPE html PUBLIC "-//W3C//DTD XHTML 1.0 Transitional//EN"
    "http://www.w3.org/TR/xhtml1/DTD/xhtml1-transitional.dtd">
<html xmlns="http://www.w3.org/1999/xhtml" xml:lang="en" lang="en">
 <head>
  <title>
</title>
<meta http-equiv="Content-Type" content="text/html;charset=utf-8" />
  <meta name='ocr-system' content='tesseract 3.04.00' />
  <meta name='ocr-capabilities' content='ocr_page ocr_carea ocr_par ocr_line ocrx_word'/>
</head>
<body>
  <div class='ocr_page' id='page_1' title='image "./delysiaeoration00woergoog_0015.png"; bbox 0 0 3284 4956; ppageno 0'>
   <div class='ocr_carea' id='block_1_1' title="bbox 792 325 985 386">
    <p class='ocr_par' dir='ltr' id='par_1_1' title="bbox 792 325 985 386">
     <span class='ocr_line' id='line_1_1' title="bbox 792 325 985 386; baseline 0.01 -20"><span class='ocrx_word' id='word_1_1' title='bbox 792 325 985 386; x_wconf 73' lang='lat'>..2-</span> 
     </span>
    </p>
   </div>
   <div class='ocr_carea' id='block_1_2' title="bbox 319 493 1488 593">
    <p class='ocr_par' dir='ltr' id='par_1_2' title="bbox 319 493 1488 593">
     <span class='ocr_line' id='line_1_2' title="bbox 319 493 1488 593; baseline 0.002 -21"><span class='ocrx_word' id='word_1_2' title='bbox 319 505 384 587; x_wconf 80' lang='lat' dir='ltr'>Qui</span> <span class='ocrx_word' id='word_1_3' title='bbox 408 507 525 572; x_wconf 88' lang='lat' dir='ltr'>doctus</span> <span class='ocrx_word' id='word_1_4' title='bbox 548 509 701 587; x_wconf 87' lang='lat' dir='ltr'>quamvis</span> <span class='ocrx_word' id='word_1_5' title='bbox 721 510 889 590; x_wconf 93' lang='lat' dir='ltr'>permulta</span> <span class='ocrx_word' id='word_1_6' title='bbox 905 499 945 573; x_wconf 88' lang='lat' dir='ltr'>de</span> <span class='ocrx_word' id='word_1_7' title='bbox 961 509 1085 593; x_wconf 86' lang='lat' dir='ltr'>Lysiae</span> <span class='ocrx_word' id='word_1_8' title='bbox 1102 509 1310 575; x_wconf 87' lang='lat' dir='ltr'>orationibus</span> <span class='ocrx_word' id='word_1_9' title='bbox 1327 509 1449 589; x_wconf 91' lang='lat' dir='ltr'>optime</span> <span class='ocrx_word' id='word_1_10' title='bbox 1486 493 1488 496; x_wconf 45' lang='grc'>’</span> 
     </span>
    </p>
   </div>
   <div class='ocr_carea' id='block_1_3' title="bbox 315 598 1451 1621">
    <p class='ocr_par' dir='ltr' id='par_1_3' title="bbox 315 598 1451 1621">
     <span class='ocr_line' id='line_1_3' title="bbox 317 598 1451 695; baseline 0.004 -23"><span class='ocrx_word' id='word_1_11' title='bbox 317 608 527 690; x_wconf 88' lang='lat' dir='ltr'>iudicaverit,</span> <span class='ocrx_word' id='word_1_12' title='bbox 561 614 673 676; x_wconf 89' lang='lat' dir='ltr'>tamen</span> <span class='ocrx_word' id='word_1_13' title='bbox 708 603 787 690; x_wconf 86' lang='lat' dir='ltr'>quin</span> <span class='ocrx_word' id='word_1_14' title='bbox 803 598 883 675; x_wconf 66' lang='lat' dir='ltr'>&#39;hoc</span> <span class='ocrx_word' id='word_1_15' title='bbox 916 607 989 675; x_wconf 90' lang='lat' dir='ltr'>loco</span> <span class='ocrx_word' id='word_1_16' title='bbox 1022 612 1055 675; x_wconf 89' lang='lat' dir='ltr'>ln</span> <span class='ocrx_word' id='word_1_17' title='bbox 1090 611 1165 693; x_wconf 90' lang='lat' dir='ltr'>ipsa</span> <span class='ocrx_word' id='word_1_18' title='bbox 1192 612 1451 695; x_wconf 82' lang='lat' dir='ltr'>argumentandi</span> 
     </span>
     <span class='ocr_line' id='line_1_4' title="bbox 317 713 1449 798; baseline 0.003 -21"><span class='ocrx_word' id='word_1_19' title='bbox 317 714 447 778; x_wconf 90' lang='lat' dir='ltr'>ratione</span> <span class='ocrx_word' id='word_1_20' title='bbox 475 732 686 794; x_wconf 80' lang='lat' dir='ltr'>summopere</span> <span class='ocrx_word' id='word_1_21' title='bbox 713 714 872 778; x_wconf 78' lang='lat' dir='ltr'>haeream</span> <span class='ocrx_word' id='word_1_22' title='bbox 898 713 1027 794; x_wconf 81' lang='lat' dir='ltr'>absque</span> <span class='ocrx_word' id='word_1_23' title='bbox 1056 715 1127 779; x_wconf 89' lang='lat' dir='ltr'>eius</span> <span class='ocrx_word' id='word_1_24' title='bbox 1156 715 1325 780; x_wconf 85' lang='lat' dir='ltr'>sententia</span> <span class='ocrx_word' id='word_1_25' title='bbox 1351 715 1449 798; x_wconf 84' lang='lat' dir='ltr'>longe</span> 
     </span>
     <span class='ocr_line' id='line_1_5' title="bbox 317 815 1447 898; baseline 0.002 -18"><span class='ocrx_word' id='word_1_26' title='bbox 317 816 470 882; x_wconf 88' lang='lat' dir='ltr'>recedam</span> <span class='ocrx_word' id='word_1_27' title='bbox 493 836 558 880; x_wconf 94' lang='lat' dir='ltr'>non</span> <span class='ocrx_word' id='word_1_28' title='bbox 574 835 710 896; x_wconf 91' lang='lat' dir='ltr'>possum</span> <span class='ocrx_word' id='word_1_29' title='bbox 726 815 848 880; x_wconf 83' lang='lat' dir='ltr'>lacere.</span> <span class='ocrx_word' id='word_1_30' title='bbox 888 817 989 881; x_wconf 91' lang='lat' dir='ltr'>Hunc</span> <span class='ocrx_word' id='word_1_31' title='bbox 1004 825 1121 882; x_wconf 87' lang='lat' dir='ltr'>contra</span> <span class='ocrx_word' id='word_1_32' title='bbox 1136 817 1245 882; x_wconf 86' lang='lat' dir='ltr'>virum</span> <span class='ocrx_word' id='word_1_33' title='bbox 1262 822 1447 898; x_wconf 90' lang='lat' dir='ltr'>spectatum</span> 
     </span>
     <span class='ocr_line' id='line_1_6' title="bbox 317 918 1450 1000; baseline 0.001 -16"><span class='ocrx_word' id='word_1_34' title='bbox 317 919 528 999; x_wconf 89' lang='lat' dir='ltr'>disputaturo</span> <span class='ocrx_word' id='word_1_35' title='bbox 556 918 662 984; x_wconf 89' lang='lat' dir='ltr'>durae</span> <span class='ocrx_word' id='word_1_36' title='bbox 697 922 777 984; x_wconf 90' lang='lat' dir='ltr'>sunt</span> <span class='ocrx_word' id='word_1_37' title='bbox 806 918 885 983; x_wconf 91' lang='lat' dir='ltr'>mihi</span> <span class='ocrx_word' id='word_1_38' title='bbox 912 923 1027 999; x_wconf 87' lang='lat' dir='ltr'>partes</span> <span class='ocrx_word' id='word_1_39' title='bbox 1055 920 1227 1000; x_wconf 89' lang='lat' dir='ltr'>multaque</span> <span class='ocrx_word' id='word_1_40' title='bbox 1256 919 1450 1000; x_wconf 86' lang='lat' dir='ltr'>superanda</span> 
     </span>
     <span class='ocr_line' id='line_1_7' title="bbox 315 1022 1449 1107; baseline 0.001 -21"><span class='ocrx_word' id='word_1_41' title='bbox 315 1022 567 1104; x_wconf 87' lang='lat' dir='ltr'>impedimenta!</span> <span class='ocrx_word' id='word_1_42' title='bbox 598 1023 649 1086; x_wconf 77' lang='lat' dir='ltr'>llo</span> <span class='ocrx_word' id='word_1_43' title='bbox 672 1023 779 1107; x_wconf 87' lang='lat' dir='ltr'>magis</span> <span class='ocrx_word' id='word_1_44' title='bbox 803 1041 884 1088; x_wconf 87' lang='lat' dir='ltr'>vero</span> <span class='ocrx_word' id='word_1_45' title='bbox 908 1023 1094 1088; x_wconf 86' lang='lat' dir='ltr'>cavendum</span> <span class='ocrx_word' id='word_1_46' title='bbox 1118 1023 1198 1087; x_wconf 91' lang='lat' dir='ltr'>mihi</span> <span class='ocrx_word' id='word_1_47' title='bbox 1221 1042 1298 1089; x_wconf 89' lang='lat' dir='ltr'>esse</span> <span class='ocrx_word' id='word_1_48' title='bbox 1320 1023 1449 1104; x_wconf 83' lang='lat' dir='ltr'>putavi,</span> 
     </span>
     <span class='ocr_line' id='line_1_8' title="bbox 316 1124 1448 1207; baseline 0.001 -17"><span class='ocrx_word' id='word_1_49' title='bbox 316 1126 553 1206; x_wconf 85' lang='lat' dir='ltr'>nequicquam</span> <span class='ocrx_word' id='word_1_50' title='bbox 569 1124 724 1206; x_wconf 78' lang='lat' dir='ltr'>dicerem,</span> <span class='ocrx_word' id='word_1_51' title='bbox 747 1126 811 1190; x_wconf 91' lang='lat' dir='ltr'>uisi</span> <span class='ocrx_word' id='word_1_52' title='bbox 828 1125 916 1206; x_wconf 92' lang='lat' dir='ltr'>quod</span> <span class='ocrx_word' id='word_1_53' title='bbox 940 1131 1000 1191; x_wconf 91' lang='lat' dir='ltr'>aut</span> <span class='ocrx_word' id='word_1_54' title='bbox 1022 1146 1063 1191; x_wconf 84' lang='lat' dir='ltr'>ex</span> <span class='ocrx_word' id='word_1_55' title='bbox 1079 1126 1160 1207; x_wconf 91' lang='lat' dir='ltr'>ipsis</span> <span class='ocrx_word' id='word_1_56' title='bbox 1177 1127 1319 1191; x_wconf 91' lang='lat' dir='ltr'>oratoris</span> <span class='ocrx_word' id='word_1_57' title='bbox 1336 1127 1448 1192; x_wconf 83' lang='lat' dir='ltr'>verbis</span> 
     </span>
     <span class='ocr_line' id='line_1_9' title="bbox 315 1227 1449 1312; baseline 0.001 -18"><span class='ocrx_word' id='word_1_58' title='bbox 315 1249 376 1310; x_wconf 87' lang='lat' dir='ltr'>per</span> <span class='ocrx_word' id='word_1_59' title='bbox 410 1249 446 1295; x_wconf 90' lang='lat' dir='ltr'>se</span> <span class='ocrx_word' id='word_1_60' title='bbox 481 1227 687 1294; x_wconf 80' lang='lat' dir='ltr'>redundaret</span> <span class='ocrx_word' id='word_1_61' title='bbox 721 1233 781 1294; x_wconf 91' lang='lat' dir='ltr'>aut</span> <span class='ocrx_word' id='word_1_62' title='bbox 814 1248 879 1294; x_wconf 92' lang='lat' dir='ltr'>non</span> <span class='ocrx_word' id='word_1_63' title='bbox 919 1229 968 1294; x_wconf 91' lang='lat' dir='ltr'>ita</span> <span class='ocrx_word' id='word_1_64' title='bbox 1007 1249 1129 1312; x_wconf 82' lang='lat' dir='ltr'>magno</span> <span class='ocrx_word' id='word_1_65' title='bbox 1161 1230 1449 1310; x_wconf 78' lang='lat' dir='ltr'>interpretationis</span> 
     </span>
     <span class='ocr_line' id='line_1_10' title="bbox 316 1331 1448 1414; baseline 0.003 -18"><span class='ocrx_word' id='word_1_66' title='bbox 316 1331 456 1396; x_wconf 89' lang='lat' dir='ltr'>artificio</span> <span class='ocrx_word' id='word_1_67' title='bbox 483 1337 597 1412; x_wconf 90' lang='lat' dir='ltr'>posset</span> <span class='ocrx_word' id='word_1_68' title='bbox 631 1331 727 1396; x_wconf 86' lang='lat' dir='ltr'>effici.</span> <span class='ocrx_word' id='word_1_69' title='bbox 772 1331 836 1396; x_wconf 89' lang='lat' dir='ltr'>His</span> <span class='ocrx_word' id='word_1_70' title='bbox 864 1332 1057 1412; x_wconf 86' lang='lat' dir='ltr'>praemissis</span> <span class='ocrx_word' id='word_1_71' title='bbox 1085 1332 1127 1397; x_wconf 90' lang='lat' dir='ltr'>ad</span> <span class='ocrx_word' id='word_1_72' title='bbox 1156 1351 1224 1398; x_wconf 86' lang='lat' dir='ltr'>rem</span> <span class='ocrx_word' id='word_1_73' title='bbox 1253 1333 1360 1414; x_wconf 87' lang='lat' dir='ltr'>ipsam</span> <span class='ocrx_word' id='word_1_74' title='bbox 1388 1353 1448 1400; x_wconf 92' lang='lat' dir='ltr'>uos</span> 
     </span>
     <span class='ocr_line' id='line_1_11' title="bbox 316 1435 1449 1517; baseline 0.002 -17"><span class='ocrx_word' id='word_1_75' title='bbox 316 1435 531 1517; x_wconf 86' lang='lat' dir='ltr'>accingamus</span> <span class='ocrx_word' id='word_1_76' title='bbox 569 1438 670 1514; x_wconf 89' lang='lat' dir='ltr'>atque</span> <span class='ocrx_word' id='word_1_77' title='bbox 708 1435 849 1515; x_wconf 90' lang='lat' dir='ltr'>primum</span> <span class='ocrx_word' id='word_1_78' title='bbox 888 1435 1021 1515; x_wconf 86' lang='lat' dir='ltr'>quidem</span> <span class='ocrx_word' id='word_1_79' title='bbox 1059 1436 1100 1500; x_wconf 88' lang='lat' dir='ltr'>de</span> <span class='ocrx_word' id='word_1_80' title='bbox 1135 1437 1297 1502; x_wconf 89' lang='lat' dir='ltr'>orationis</span> <span class='ocrx_word' id='word_1_81' title='bbox 1330 1437 1449 1502; x_wconf 85' lang='lat' dir='ltr'>XXIV</span> 
     </span>
     <span class='ocr_line' id='line_1_12' title="bbox 316 1537 1447 1621; baseline 0.002 -18"><span class='ocrx_word' id='word_1_82' title='bbox 316 1543 514 1621; x_wconf 84' lang='lat' dir='ltr'>argumento</span> <span class='ocrx_word' id='word_1_83' title='bbox 527 1543 560 1602; x_wconf 91' lang='lat' dir='ltr'>et</span> <span class='ocrx_word' id='word_1_84' title='bbox 572 1537 789 1618; x_wconf 86' lang='lat' dir='ltr'>dispositione</span> <span class='ocrx_word' id='word_1_85' title='bbox 799 1539 900 1618; x_wconf 91' lang='lat' dir='ltr'>paulo</span> <span class='ocrx_word' id='word_1_86' title='bbox 914 1539 1048 1604; x_wconf 90' lang='lat' dir='ltr'>uberius</span> <span class='ocrx_word' id='word_1_87' title='bbox 1059 1539 1193 1605; x_wconf 86' lang='lat' dir='ltr'>videtur</span> <span class='ocrx_word' id='word_1_88' title='bbox 1206 1540 1447 1606; x_wconf 85' lang='lat' dir='ltr'>disserendum.</span> 
     </span>
    </p>
   </div>
   <div class='ocr_carea' id='block_1_4' title="bbox 845 1724 918 1812">
    <p class='ocr_par' dir='ltr' id='par_1_4' title="bbox 845 1724 918 1812">
     <span class='ocr_line' id='line_1_13' title="bbox 845 1724 918 1812; baseline 0 -19"><span class='ocrx_word' id='word_1_89' title='bbox 845 1724 918 1812; x_wconf 71' lang='lat' dir='ltr'>pr.</span> 
     </span>
    </p>
   </div>
   <div class='ocr_carea' id='block_1_5' title="bbox 308 1864 1449 4115">
    <p class='ocr_par' dir='ltr' id='par_1_5' title="bbox 308 1864 1449 4115">
     <span class='ocr_line' id='line_1_14' title="bbox 401 1864 1449 1951; baseline 0.003 -20"><span class='ocrx_word' id='word_1_90' title='bbox 401 1867 577 1932; x_wconf 81' lang='lat' dir='ltr'>inducitur</span> <span class='ocrx_word' id='word_1_91' title='bbox 603 1867 706 1951; x_wconf 83' lang='lat' dir='ltr'>igitur</span> <span class='ocrx_word' id='word_1_92' title='bbox 729 1866 746 1931; x_wconf 89' lang='grc' dir='ltr'><strong>ὁ</strong></span> <span class='ocrx_word' id='word_1_93' title='bbox 771 1864 875 1946; x_wconf 71' lang='lat' dir='ltr'>detra,</span> <span class='ocrx_word' id='word_1_94' title='bbox 905 1866 960 1946; x_wconf 91' lang='lat' dir='ltr'>qui</span> <span class='ocrx_word' id='word_1_95' title='bbox 988 1885 1048 1947; x_wconf 90' lang='lat' dir='ltr'>per</span> <span class='ocrx_word' id='word_1_96' title='bbox 1071 1865 1311 1948; x_wconf 76' lang='grc' dir='ltr'><em>εἰσαγγελλίαν,</em></span> <span class='ocrx_word' id='word_1_97' title='bbox 1335 1874 1372 1933; x_wconf 93' lang='lat' dir='ltr'>ut</span> <span class='ocrx_word' id='word_1_98' title='bbox 1396 1875 1449 1934; x_wconf 90' lang='lat' dir='ltr'>est</span> 
     </span>
     <span class='ocr_line' id='line_1_15' title="bbox 315 1968 1446 2053; baseline 0.002 -20"><span class='ocrx_word' id='word_1_99' title='bbox 315 1970 348 2033; x_wconf 92' lang='lat' dir='ltr'>in</span> <span class='ocrx_word' id='word_1_100' title='bbox 382 1970 645 2053; x_wconf 85' lang='lat' dir='ltr'>inscriptione*),</span> <span class='ocrx_word' id='word_1_101' title='bbox 681 1971 813 2037; x_wconf 88' lang='lat' dir='ltr'>delatus</span> <span class='ocrx_word' id='word_1_102' title='bbox 848 1977 909 2050; x_wconf 93' lang='lat' dir='ltr'>est,</span> <span class='ocrx_word' id='word_1_103' title='bbox 944 1969 1032 2050; x_wconf 91' lang='lat' dir='ltr'>quod</span> <span class='ocrx_word' id='word_1_104' title='bbox 1058 1970 1148 2034; x_wconf 88' lang='lat' dir='ltr'>inter</span> <span class='ocrx_word' id='word_1_105' title='bbox 1176 1968 1372 2052; x_wconf 76' lang='grc' dir='ltr'><strong>ἀδυνάτους</strong></span> <span class='ocrx_word' id='word_1_106' title='bbox 1403 1972 1446 2035; x_wconf 88' lang='lat' dir='ltr'>ir-</span> 
     </span>
     <span class='ocr_line' id='line_1_16' title="bbox 314 2061 1447 2156; baseline 0.004 -20"><span class='ocrx_word' id='word_1_107' title='bbox 314 2061 488 2153; x_wconf 86' lang='lat' dir='ltr'>repsisset,</span> <span class='ocrx_word' id='word_1_108' title='bbox 523 2093 597 2138; x_wconf 93' lang='lat' dir='ltr'>cum</span> <span class='ocrx_word' id='word_1_109' title='bbox 625 2094 662 2139; x_wconf 90' lang='lat' dir='ltr'>re</span> <span class='ocrx_word' id='word_1_110' title='bbox 690 2093 773 2139; x_wconf 89' lang='lat' dir='ltr'>vera</span> <span class='ocrx_word' id='word_1_111' title='bbox 801 2094 867 2140; x_wconf 92' lang='lat' dir='ltr'>non</span> <span class='ocrx_word' id='word_1_112' title='bbox 896 2079 986 2140; x_wconf 92' lang='lat' dir='ltr'>esset</span> <span class='ocrx_word' id='word_1_113' title='bbox 1013 2074 1197 2139; x_wconf 86' lang='lat' dir='ltr'>imbecillus</span> <span class='ocrx_word' id='word_1_114' title='bbox 1233 2080 1334 2156; x_wconf 89' lang='lat' dir='ltr'>atque</span> <span class='ocrx_word' id='word_1_115' title='bbox 1363 2075 1447 2140; x_wconf 89' lang='lat' dir='ltr'>adeo</span> 
     </span>
     <span class='ocr_line' id='line_1_17' title="bbox 315 2177 1447 2260; baseline 0.002 -18"><span class='ocrx_word' id='word_1_116' title='bbox 315 2185 420 2242; x_wconf 87' lang='lat' dir='ltr'>artem</span> <span class='ocrx_word' id='word_1_117' title='bbox 450 2179 597 2257; x_wconf 88' lang='lat' dir='ltr'>calleret,</span> <span class='ocrx_word' id='word_1_118' title='bbox 632 2177 719 2242; x_wconf 91' lang='lat' dir='ltr'>unde</span> <span class='ocrx_word' id='word_1_119' title='bbox 746 2184 861 2258; x_wconf 89' lang='lat' dir='ltr'>posset</span> <span class='ocrx_word' id='word_1_120' title='bbox 887 2178 999 2242; x_wconf 88' lang='lat' dir='ltr'>facere</span> <span class='ocrx_word' id='word_1_121' title='bbox 1028 2184 1205 2258; x_wconf 89' lang='lat' dir='ltr'>quaestum</span> <span class='ocrx_word' id='word_1_122' title='bbox 1237 2179 1277 2243; x_wconf 89' lang='lat' dir='ltr'>ob</span> <span class='ocrx_word' id='word_1_123' title='bbox 1307 2198 1447 2260; x_wconf 89' lang='lat' dir='ltr'>eamque</span> 
     </span>
     <span class='ocr_line' id='line_1_18' title="bbox 314 2279 1446 2364; baseline 0.004 -20"><span class='ocrx_word' id='word_1_124' title='bbox 314 2300 383 2344; x_wconf 95' lang='lat' dir='ltr'>rem</span> <span class='ocrx_word' id='word_1_125' title='bbox 419 2280 620 2360; x_wconf 87' lang='lat' dir='ltr'>stipendium</span> <span class='ocrx_word' id='word_1_126' title='bbox 656 2299 676 2345; x_wconf 90' lang='lat' dir='ltr'>a</span> <span class='ocrx_word' id='word_1_127' title='bbox 710 2280 847 2345; x_wconf 89' lang='lat' dir='ltr'>civitate</span> <span class='ocrx_word' id='word_1_128' title='bbox 882 2279 1084 2345; x_wconf 89' lang='lat' dir='ltr'>destinatum</span> <span class='ocrx_word' id='word_1_129' title='bbox 1118 2281 1174 2360; x_wconf 90' lang='lat' dir='ltr'>iis,</span> <span class='ocrx_word' id='word_1_130' title='bbox 1209 2283 1265 2361; x_wconf 86' lang='lat' dir='ltr'>qui</span> <span class='ocrx_word' id='word_1_131' title='bbox 1299 2285 1446 2364; x_wconf 87' lang='lat' dir='ltr'>corporis</span> 
     </span>
     <span class='ocr_line' id='line_1_19' title="bbox 314 2383 1447 2463; baseline 0.003 -15"><span class='ocrx_word' id='word_1_132' title='bbox 314 2383 485 2448; x_wconf 83' lang='lat' dir='ltr'>debilitate</span> <span class='ocrx_word' id='word_1_133' title='bbox 523 2383 737 2462; x_wconf 89' lang='lat' dir='ltr'>laborabant,</span> <span class='ocrx_word' id='word_1_134' title='bbox 778 2383 901 2449; x_wconf 88' lang='lat' dir='ltr'>iniuria</span> <span class='ocrx_word' id='word_1_135' title='bbox 939 2383 1135 2463; x_wconf 89' lang='lat' dir='ltr'>accepisset.</span> <span class='ocrx_word' id='word_1_136' title='bbox 1192 2384 1292 2449; x_wconf 91' lang='lat' dir='ltr'>Hanc</span> <span class='ocrx_word' id='word_1_137' title='bbox 1330 2391 1447 2451; x_wconf 90' lang='lat' dir='ltr'>contra</span> 
     </span>
     <span class='ocr_line' id='line_1_20' title="bbox 313 2483 1447 2569; baseline 0.003 -19"><span class='ocrx_word' id='word_1_138' title='bbox 313 2486 512 2552; x_wconf 88' lang='lat' dir='ltr'>delationem</span> <span class='ocrx_word' id='word_1_139' title='bbox 539 2487 669 2551; x_wconf 80' lang='lat' dir='ltr'>exsistit</span> <span class='ocrx_word' id='word_1_140' title='bbox 684 2486 864 2552; x_wconf 87' lang='lat' dir='ltr'>invalidus.</span> <span class='ocrx_word' id='word_1_141' title='bbox 902 2484 1004 2568; x_wconf 80' lang='grc' dir='ltr'><em>Παρὰ</em></span> <span class='ocrx_word' id='word_1_142' title='bbox 1028 2483 1244 2568; x_wconf 76' lang='grc' dir='ltr'><strong><em>προσδοκίαν</em></strong></span> <span class='ocrx_word' id='word_1_143' title='bbox 1265 2487 1382 2569; x_wconf 91' lang='lat' dir='ltr'>incipit</span> <span class='ocrx_word' id='word_1_144' title='bbox 1406 2489 1447 2554; x_wconf 90' lang='lat' dir='ltr'>ab</span> 
     </span>
     <span class='ocr_line' id='line_1_21' title="bbox 312 2589 1447 2674; baseline 0.004 -21"><span class='ocrx_word' id='word_1_145' title='bbox 312 2589 574 2654; x_wconf 90' lang='lat' dir='ltr'>demonstranda</span> <span class='ocrx_word' id='word_1_146' title='bbox 598 2609 663 2655; x_wconf 91' lang='lat' dir='ltr'>non</span> <span class='ocrx_word' id='word_1_147' title='bbox 688 2596 839 2674; x_wconf 84' lang='lat' dir='ltr'>egestate</span> <span class='ocrx_word' id='word_1_148' title='bbox 863 2589 923 2656; x_wconf 88' lang='lat' dir='ltr'>sed</span> <span class='ocrx_word' id='word_1_149' title='bbox 948 2591 1071 2654; x_wconf 91' lang='lat' dir='ltr'>virtute</span> <span class='ocrx_word' id='word_1_150' title='bbox 1096 2595 1130 2654; x_wconf 90' lang='lat' dir='ltr'>et</span> <span class='ocrx_word' id='word_1_151' title='bbox 1153 2590 1327 2673; x_wconf 82' lang='lat' dir='ltr'>dignitate,</span> <span class='ocrx_word' id='word_1_152' title='bbox 1355 2611 1447 2657; x_wconf 88' lang='lat' dir='ltr'>asse·</span> 
     </span>
     <span class='ocr_line' id='line_1_22' title="bbox 312 2693 1447 2778; baseline 0.001 -21"><span class='ocrx_word' id='word_1_153' title='bbox 312 2712 435 2757; x_wconf 83' lang='lat' dir='ltr'>vorans</span> <span class='ocrx_word' id='word_1_154' title='bbox 464 2713 527 2758; x_wconf 91' lang='lat' dir='ltr'>non</span> <span class='ocrx_word' id='word_1_155' title='bbox 557 2695 697 2758; x_wconf 85' lang='lat' dir='ltr'>multum</span> <span class='ocrx_word' id='word_1_156' title='bbox 726 2693 856 2773; x_wconf 90' lang='lat' dir='ltr'>abesse,</span> <span class='ocrx_word' id='word_1_157' title='bbox 892 2693 971 2773; x_wconf 90' lang='lat' dir='ltr'>quin</span> <span class='ocrx_word' id='word_1_158' title='bbox 1001 2694 1191 2758; x_wconf 89' lang='lat' dir='ltr'>accusatori</span> <span class='ocrx_word' id='word_1_159' title='bbox 1219 2695 1273 2759; x_wconf 82' lang='lat' dir='ltr'>vel</span> <span class='ocrx_word' id='word_1_160' title='bbox 1301 2695 1447 2778; x_wconf 86' lang='lat' dir='ltr'>gratiam</span> 
     </span>
     <span class='ocr_line' id='line_1_23' title="bbox 312 2795 1446 2876; baseline 0.003 -17"><span class='ocrx_word' id='word_1_161' title='bbox 312 2797 461 2876; x_wconf 87' lang='lat' dir='ltr'>haberet,</span> <span class='ocrx_word' id='word_1_162' title='bbox 490 2795 634 2876; x_wconf 89' lang='lat' dir='ltr'>quodid</span> <span class='ocrx_word' id='word_1_163' title='bbox 658 2796 720 2862; x_wconf 90' lang='lat' dir='ltr'>sibi</span> <span class='ocrx_word' id='word_1_164' title='bbox 744 2801 913 2861; x_wconf 91' lang='lat' dir='ltr'>certamen</span> <span class='ocrx_word' id='word_1_165' title='bbox 937 2796 1201 2876; x_wconf 79' lang='lat' dir='ltr'>facultatemque</span> <span class='ocrx_word' id='word_1_166' title='bbox 1225 2797 1332 2862; x_wconf 90' lang='lat' dir='ltr'>omnis</span> <span class='ocrx_word' id='word_1_167' title='bbox 1355 2797 1446 2862; x_wconf 87' lang='lat' dir='ltr'>vitae</span> 
     </span>
     <span class='ocr_line' id='line_1_24' title="bbox 312 2899 1445 2980; baseline 0 -16"><span class='ocrx_word' id='word_1_168' title='bbox 312 2919 394 2964; x_wconf 91' lang='lat' dir='ltr'>suae</span> <span class='ocrx_word' id='word_1_169' title='bbox 418 2900 583 2965; x_wconf 90' lang='lat' dir='ltr'>rationem</span> <span class='ocrx_word' id='word_1_170' title='bbox 602 2899 733 2980; x_wconf 87' lang='lat' dir='ltr'>publice</span> <span class='ocrx_word' id='word_1_171' title='bbox 750 2899 940 2980; x_wconf 83' lang='lat' dir='ltr'>explicandi</span> <span class='ocrx_word' id='word_1_172' title='bbox 955 2903 1200 2979; x_wconf 82' lang='lat' dir='ltr'>comparasset.</span> <span class='ocrx_word' id='word_1_173' title='bbox 1238 2899 1300 2962; x_wconf 84' lang='lat' dir='ltr'>llle</span> <span class='ocrx_word' id='word_1_174' title='bbox 1323 2904 1445 2980; x_wconf 90' lang='lat' dir='ltr'>autem,</span> 
     </span>
     <span class='ocr_line' id='line_1_25' title="bbox 310 3001 1445 3085; baseline 0.001 -19"><span class='ocrx_word' id='word_1_175' title='bbox 310 3003 430 3085; x_wconf 82' lang='lat' dir='ltr'>pergit,</span> <span class='ocrx_word' id='word_1_176' title='bbox 458 3003 627 3083; x_wconf 90' lang='lat' dir='ltr'>improbus</span> <span class='ocrx_word' id='word_1_177' title='bbox 651 3003 744 3067; x_wconf 89' lang='lat' dir='ltr'>nulla</span> <span class='ocrx_word' id='word_1_178' title='bbox 772 3003 840 3067; x_wconf 88' lang='lat' dir='ltr'>alia</span> <span class='ocrx_word' id='word_1_179' title='bbox 867 3003 908 3066; x_wconf 93' lang='lat' dir='ltr'>de</span> <span class='ocrx_word' id='word_1_180' title='bbox 932 3020 1036 3067; x_wconf 87' lang='lat' dir='ltr'>causa</span> <span class='ocrx_word' id='word_1_181' title='bbox 1061 3001 1195 3066; x_wconf 91' lang='lat' dir='ltr'>videtur</span> <span class='ocrx_word' id='word_1_182' title='bbox 1223 3019 1275 3066; x_wconf 92' lang='lat' dir='ltr'>me</span> <span class='ocrx_word' id='word_1_183' title='bbox 1298 3001 1331 3065; x_wconf 91' lang='lat' dir='ltr'>in</span> <span class='ocrx_word' id='word_1_184' title='bbox 1354 3003 1445 3067; x_wconf 92' lang='lat' dir='ltr'>litem</span> 
     </span>
     <span class='ocr_line' id='line_1_26' title="bbox 311 3105 1443 3189; baseline 0 -19"><span class='ocrx_word' id='word_1_185' title='bbox 311 3105 509 3186; x_wconf 88' lang='lat' dir='ltr'>detrusisse,</span> <span class='ocrx_word' id='word_1_186' title='bbox 555 3106 619 3171; x_wconf 91' lang='lat' dir='ltr'>uisi</span> <span class='ocrx_word' id='word_1_187' title='bbox 656 3105 743 3187; x_wconf 91' lang='lat' dir='ltr'>quod</span> <span class='ocrx_word' id='word_1_188' title='bbox 783 3125 844 3189; x_wconf 82' lang='lat' dir='ltr'>ego</span> <span class='ocrx_word' id='word_1_189' title='bbox 883 3125 1015 3186; x_wconf 92' lang='lat' dir='ltr'>semper</span> <span class='ocrx_word' id='word_1_190' title='bbox 1052 3124 1103 3169; x_wconf 92' lang='lat' dir='ltr'>me</span> <span class='ocrx_word' id='word_1_191' title='bbox 1141 3105 1303 3184; x_wconf 89' lang='lat' dir='ltr'>potiorem</span> <span class='ocrx_word' id='word_1_192' title='bbox 1342 3113 1443 3187; x_wconf 89' lang='lat' dir='ltr'>atque</span> 
     </span>
     <span class='ocr_line' id='line_1_27' title="bbox 310 3208 1444 3288; baseline 0.002 -16"><span class='ocrx_word' id='word_1_193' title='bbox 310 3209 533 3274; x_wconf 88' lang='lat' dir='ltr'>honestiorem</span> <span class='ocrx_word' id='word_1_194' title='bbox 567 3209 722 3288; x_wconf 88' lang='lat' dir='ltr'>praestiti</span> <span class='ocrx_word' id='word_1_195' title='bbox 755 3209 872 3287; x_wconf 88' lang='lat' dir='ltr'>civem,</span> <span class='ocrx_word' id='word_1_196' title='bbox 908 3226 1008 3288; x_wconf 89' lang='lat' dir='ltr'>quarn</span> <span class='ocrx_word' id='word_1_197' title='bbox 1041 3208 1124 3287; x_wconf 88' lang='lat' dir='ltr'>ipsc,</span> <span class='ocrx_word' id='word_1_198' title='bbox 1157 3214 1252 3272; x_wconf 88' lang='lat' dir='ltr'>ratus</span> <span class='ocrx_word' id='word_1_199' title='bbox 1286 3209 1380 3274; x_wconf 93' lang='lat' dir='ltr'>labes</span> <span class='ocrx_word' id='word_1_200' title='bbox 1412 3215 1444 3274; x_wconf 90' lang='lat' dir='ltr'>et</span> 
     </span>
     <span class='ocr_line' id='line_1_28' title="bbox 310 3310 1445 3396; baseline 0.001 -21"><span class='ocrx_word' id='word_1_201' title='bbox 310 3312 393 3377; x_wconf 88' lang='lat' dir='ltr'>vitia</span> <span class='ocrx_word' id='word_1_202' title='bbox 416 3312 564 3392; x_wconf 91' lang='lat' dir='ltr'>corporis</span> <span class='ocrx_word' id='word_1_203' title='bbox 588 3312 708 3378; x_wconf 90' lang='lat' dir='ltr'>mentis</span> <span class='ocrx_word' id='word_1_204' title='bbox 732 3312 911 3377; x_wconf 87' lang='lat' dir='ltr'>virtutibus</span> <span class='ocrx_word' id='word_1_205' title='bbox 928 3317 962 3376; x_wconf 92' lang='lat' dir='ltr'>et</span> <span class='ocrx_word' id='word_1_206' title='bbox 984 3310 1139 3375; x_wconf 88' lang='lat' dir='ltr'>laudibus</span> <span class='ocrx_word' id='word_1_207' title='bbox 1161 3310 1299 3390; x_wconf 84' lang='lat' dir='ltr'>pulchre</span> <span class='ocrx_word' id='word_1_208' title='bbox 1323 3311 1445 3396; x_wconf 84' lang='lat' dir='ltr'>corrigi</span> 
     </span>
     <span class='ocr_line' id='line_1_29' title="bbox 310 3411 1443 3499; baseline -0.001 -19"><span class='ocrx_word' id='word_1_209' title='bbox 310 3421 463 3496; x_wconf 90' lang='lat' dir='ltr'>oportere</span> <span class='ocrx_word' id='word_1_210' title='bbox 502 3411 535 3499; x_wconf 64' lang='grc' dir='ltr'>(ξ</span> <span class='ocrx_word' id='word_1_211' title='bbox 561 3415 665 3498; x_wconf 86' lang='grc'><strong>1-3).</strong></span> <span class='ocrx_word' id='word_1_212' title='bbox 717 3415 846 3480; x_wconf 91' lang='lat' dir='ltr'>Deinde</span> <span class='ocrx_word' id='word_1_213' title='bbox 879 3411 943 3498; x_wconf 70' lang='lat'>§4</span> <span class='ocrx_word' id='word_1_214' title='bbox 974 3415 1084 3494; x_wconf 90' lang='lat' dir='ltr'>ipsam</span> <span class='ocrx_word' id='word_1_215' title='bbox 1119 3413 1161 3477; x_wconf 90' lang='lat' dir='ltr'>ad</span> <span class='ocrx_word' id='word_1_216' title='bbox 1196 3432 1264 3477; x_wconf 90' lang='lat' dir='ltr'>rem</span> <span class='ocrx_word' id='word_1_217' title='bbox 1301 3414 1443 3479; x_wconf 87' lang='lat' dir='ltr'>accedit:</span> 
     </span>
     <span class='ocr_line' id='line_1_30' title="bbox 310 3516 1442 3598; baseline -0.002 -14"><span class='ocrx_word' id='word_1_218' title='bbox 310 3524 490 3585; x_wconf 91' lang='lat' dir='ltr'>accusator</span> <span class='ocrx_word' id='word_1_219' title='bbox 511 3519 695 3584; x_wconf 91' lang='lat' dir='ltr'>invalidum</span> <span class='ocrx_word' id='word_1_220' title='bbox 713 3520 844 3584; x_wconf 92' lang='lat' dir='ltr'>obolum</span> <span class='ocrx_word' id='word_1_221' title='bbox 869 3538 890 3583; x_wconf 91' lang='lat' dir='ltr'>a</span> <span class='ocrx_word' id='word_1_222' title='bbox 912 3537 948 3582; x_wconf 93' lang='lat' dir='ltr'>re</span> <span class='ocrx_word' id='word_1_223' title='bbox 971 3517 1106 3598; x_wconf 89' lang='lat' dir='ltr'>publica</span> <span class='ocrx_word' id='word_1_224' title='bbox 1130 3516 1239 3581; x_wconf 91' lang='lat' dir='ltr'>adhuc</span> <span class='ocrx_word' id='word_1_225' title='bbox 1255 3517 1442 3595; x_wconf 86' lang='lat' dir='ltr'>praebitum</span> 
     </span>
     <span class='ocr_line' id='line_1_31' title="bbox 310 3620 1442 3706; baseline -0.002 -20"><span class='ocrx_word' id='word_1_226' title='bbox 310 3622 543 3706; x_wconf 84' lang='lat' dir='ltr'>denegandum</span> <span class='ocrx_word' id='word_1_227' title='bbox 568 3641 641 3688; x_wconf 90' lang='lat' dir='ltr'>esse</span> <span class='ocrx_word' id='word_1_228' title='bbox 665 3621 836 3687; x_wconf 90' lang='lat' dir='ltr'>contendit</span> <span class='ocrx_word' id='word_1_229' title='bbox 859 3621 990 3687; x_wconf 91' lang='lat' dir='ltr'>duabus</span> <span class='ocrx_word' id='word_1_230' title='bbox 1014 3620 1125 3685; x_wconf 88' lang='lat' dir='ltr'>causis</span> <span class='ocrx_word' id='word_1_231' title='bbox 1149 3620 1277 3684; x_wconf 89' lang='lat' dir='ltr'>allatis:</span> <span class='ocrx_word' id='word_1_232' title='bbox 1301 3620 1442 3700; x_wconf 91' lang='lat' dir='ltr'>primum</span> 
     </span>
     <span class='ocr_line' id='line_1_32' title="bbox 309 3723 1443 3808; baseline -0.004 -18"><span class='ocrx_word' id='word_1_233' title='bbox 309 3725 397 3805; x_wconf 90' lang='lat' dir='ltr'>quod</span> <span class='ocrx_word' id='word_1_234' title='bbox 427 3744 548 3808; x_wconf 89' lang='lat' dir='ltr'>corpus</span> <span class='ocrx_word' id='word_1_235' title='bbox 578 3726 650 3792; x_wconf 89' lang='lat' dir='ltr'>eius</span> <span class='ocrx_word' id='word_1_236' title='bbox 679 3731 770 3791; x_wconf 85' lang='lat' dir='ltr'>esset</span> <span class='ocrx_word' id='word_1_237' title='bbox 798 3725 946 3790; x_wconf 83' lang='lat' dir='ltr'>validum</span> <span class='ocrx_word' id='word_1_238' title='bbox 975 3729 1008 3788; x_wconf 92' lang='lat' dir='ltr'>et</span> <span class='ocrx_word' id='word_1_239' title='bbox 1035 3723 1207 3788; x_wconf 92' lang='lat' dir='ltr'>robustum</span> <span class='ocrx_word' id='word_1_240' title='bbox 1240 3761 1274 3766; x_wconf 89' lang='lat'>--</span> <span class='ocrx_word' id='word_1_241' title='bbox 1307 3723 1443 3786; x_wconf 90' lang='lat' dir='ltr'>namin</span> 
     </span>
     <span class='ocr_line' id='line_1_33' title="bbox 309 3823 1442 3910; baseline -0.003 -19"><span class='ocrx_word' id='word_1_242' title='bbox 309 3846 413 3908; x_wconf 88' lang='lat' dir='ltr'>equos</span> <span class='ocrx_word' id='word_1_243' title='bbox 436 3847 512 3893; x_wconf 89' lang='lat' dir='ltr'>eum</span> <span class='ocrx_word' id='word_1_244' title='bbox 535 3828 642 3894; x_wconf 90' lang='lat' dir='ltr'>solere</span> <span class='ocrx_word' id='word_1_245' title='bbox 660 3828 841 3894; x_wconf 90' lang='lat' dir='ltr'>ascendere</span> <span class='ocrx_word' id='word_1_246' title='bbox 862 3864 904 3870; x_wconf 84' lang='lat'>—</span> <span class='ocrx_word' id='word_1_247' title='bbox 925 3827 972 3891; x_wconf 92' lang='lat' dir='ltr'>illi</span> <span class='ocrx_word' id='word_1_248' title='bbox 987 3827 1091 3910; x_wconf 87' lang='lat' dir='ltr'>igitur</span> <span class='ocrx_word' id='word_1_249' title='bbox 1110 3826 1243 3890; x_wconf 91' lang='lat' dir='ltr'>titulum</span> <span class='ocrx_word' id='word_1_250' title='bbox 1267 3823 1442 3889; x_wconf 74' lang='grc' dir='ltr'><em>ἀδυνάτου</em></span> 
     </span>
     <span class='ocr_line' id='line_1_34' title="bbox 309 3929 1443 4014; baseline 0 -20"><span class='ocrx_word' id='word_1_251' title='bbox 309 3931 401 3996; x_wconf 93' lang='lat' dir='ltr'>nullo</span> <span class='ocrx_word' id='word_1_252' title='bbox 430 3931 525 3996; x_wconf 92' lang='lat' dir='ltr'>modo</span> <span class='ocrx_word' id='word_1_253' title='bbox 550 3938 749 4014; x_wconf 82' lang='lat' dir='ltr'>competere,</span> <span class='ocrx_word' id='word_1_254' title='bbox 778 3930 897 3996; x_wconf 87' lang='lat' dir='ltr'>deinde</span> <span class='ocrx_word' id='word_1_255' title='bbox 926 3929 1014 4011; x_wconf 92' lang='lat' dir='ltr'>quod</span> <span class='ocrx_word' id='word_1_256' title='bbox 1043 3937 1147 3994; x_wconf 86' lang='lat' dir='ltr'>artem</span> <span class='ocrx_word' id='word_1_257' title='bbox 1173 3936 1345 3994; x_wconf 80' lang='lat' dir='ltr'>exerceret</span> <span class='ocrx_word' id='word_1_258' title='bbox 1373 3936 1443 3994; x_wconf 88' lang='lat' dir='ltr'>tarn</span> 
     </span>
     <span class='ocr_line' id='line_1_35' title="bbox 308 4031 1443 4115; baseline -0.002 -16"><span class='ocrx_word' id='word_1_259' title='bbox 308 4034 526 4114; x_wconf 84' lang='lat' dir='ltr'>fructuosam,</span> <span class='ocrx_word' id='word_1_260' title='bbox 539 4039 577 4098; x_wconf 94' lang='lat' dir='ltr'>ut</span> <span class='ocrx_word' id='word_1_261' title='bbox 589 4035 689 4099; x_wconf 89' lang='lat' dir='ltr'>etlam</span> <span class='ocrx_word' id='word_1_262' title='bbox 703 4037 973 4115; x_wconf 90' lang='lat' dir='ltr'>sumptuosorum</span> <span class='ocrx_word' id='word_1_263' title='bbox 987 4051 1026 4097; x_wconf 92' lang='lat' dir='ltr'>ac</span> <span class='ocrx_word' id='word_1_264' title='bbox 1038 4031 1262 4115; x_wconf 89' lang='lat' dir='ltr'>prodigalium</span> <span class='ocrx_word' id='word_1_265' title='bbox 1275 4031 1443 4097; x_wconf 89' lang='lat' dir='ltr'>hominum</span> 
     </span>
    </p>
   </div>
   <div class='ocr_carea' id='block_1_6' title="bbox 394 4236 1136 4306">
    <p class='ocr_par' dir='ltr' id='par_1_6' title="bbox 394 4236 1136 4306">
     <span class='ocr_line' id='line_1_36' title="bbox 394 4236 1136 4306; baseline -0.001 -16"><span class='ocrx_word' id='word_1_266' title='bbox 394 4238 416 4306; x_wconf 75' lang='lat'>⁸)</span> <span class='ocrx_word' id='word_1_267' title='bbox 440 4240 476 4291; x_wconf 87' lang='lat' dir='ltr'>cf.</span> <span class='ocrx_word' id='word_1_268' title='bbox 495 4239 648 4305; x_wconf 86' lang='lat' dir='ltr'>Lampros.</span> <span class='ocrx_word' id='word_1_269' title='bbox 676 4239 803 4291; x_wconf 86' lang='lat' dir='ltr'>Hermes</span> <span class='ocrx_word' id='word_1_270' title='bbox 821 4239 859 4290; x_wconf 91' lang='lat' dir='ltr'>X.</span> <span class='ocrx_word' id='word_1_271' title='bbox 879 4255 907 4304; x_wconf 89' lang='lat' dir='ltr'>p.</span> <span class='ocrx_word' id='word_1_272' title='bbox 926 4238 978 4290; x_wconf 81' lang='lat'>260</span> <span class='ocrx_word' id='word_1_273' title='bbox 996 4241 1025 4290; x_wconf 90' lang='lat' dir='ltr'>et</span> <span class='ocrx_word' id='word_1_274' title='bbox 1043 4236 1136 4289; x_wconf 57' lang='lat'><strong>27124.</strong></span> 
     </span>
    </p>
   </div>
   <div class='ocr_carea' id='block_1_7' title="bbox 0 0 1646 4956">
    <p class='ocr_par' dir='ltr' id='par_1_7' title="bbox 0 0 1646 4956">
     <span class='ocr_line' id='line_1_37' title="bbox 0 0 1646 4956; baseline 0 3"><span class='ocrx_word' id='word_1_275' title='bbox 0 0 1646 4956; x_wconf 95' lang='lat' dir='ltr'> </span> 
     </span>
    </p>
   </div>
  </div>
 </body>
</html>
