<?xml version="1.0" encoding="UTF-8"?>
<!DOCTYPE html PUBLIC "-//W3C//DTD XHTML 1.0 Transitional//EN"
    "http://www.w3.org/TR/xhtml1/DTD/xhtml1-transitional.dtd">
<html xmlns="http://www.w3.org/1999/xhtml" xml:lang="en" lang="en">
 <head>
  <title>
</title>
<meta http-equiv="Content-Type" content="text/html;charset=utf-8" />
  <meta name='ocr-system' content='tesseract 3.04.00' />
  <meta name='ocr-capabilities' content='ocr_page ocr_carea ocr_par ocr_line ocrx_word'/>
</head>
<body>
  <div class='ocr_page' id='page_1' title='image "./delysiaeoration00woergoog_0023.png"; bbox 0 0 3284 4956; ppageno 0'>
   <div class='ocr_carea' id='block_1_1' title="bbox 743 343 958 403">
    <p class='ocr_par' dir='ltr' id='par_1_1' title="bbox 743 343 958 403">
     <span class='ocr_line' id='line_1_1' title="bbox 743 343 958 403; baseline 0.009 -19"><span class='ocrx_word' id='word_1_1' title='bbox 743 343 958 403; x_wconf 78' lang='lat'>..10-</span> 
     </span>
    </p>
   </div>
   <div class='ocr_carea' id='block_1_2' title="bbox 284 525 1432 1228">
    <p class='ocr_par' dir='ltr' id='par_1_2' title="bbox 284 525 1432 714">
     <span class='ocr_line' id='line_1_2' title="bbox 286 525 1432 614; baseline -0.001 -22"><span class='ocrx_word' id='word_1_2' title='bbox 286 527 395 592; x_wconf 90' lang='lat' dir='ltr'>oleum</span> <span class='ocrx_word' id='word_1_3' title='bbox 424 529 466 606; x_wconf 87' lang='lat' dir='ltr'>et</span> <span class='ocrx_word' id='word_1_4' title='bbox 485 545 620 608; x_wconf 89' lang='lat' dir='ltr'>operam</span> <span class='ocrx_word' id='word_1_5' title='bbox 643 526 792 606; x_wconf 87' lang='lat' dir='ltr'>perdam.</span> <span class='ocrx_word' id='word_1_6' title='bbox 839 527 879 592; x_wconf 82' lang='lat' dir='ltr'>ci.</span> <span class='ocrx_word' id='word_1_7' title='bbox 904 526 1024 593; x_wconf 86' lang='lat' dir='ltr'>Bruns.</span> <span class='ocrx_word' id='word_1_8' title='bbox 1048 546 1078 607; x_wconf 92' lang='lat' dir='ltr'>p.</span> <span class='ocrx_word' id='word_1_9' title='bbox 1102 531 1181 608; x_wconf 83' lang='lat'>440;</span> <span class='ocrx_word' id='word_1_10' title='bbox 1209 526 1320 593; x_wconf 90' lang='lat' dir='ltr'>Blass.</span> <span class='ocrx_word' id='word_1_11' title='bbox 1344 525 1432 614; x_wconf 19' lang='lat' dir='ltr'>Act.-</span> 
     </span>
     <span class='ocr_line' id='line_1_3' title="bbox 284 628 1054 714; baseline 0 -20"><span class='ocrx_word' id='word_1_12' title='bbox 284 629 362 695; x_wconf 92' lang='lat' dir='ltr'>Ber.</span> <span class='ocrx_word' id='word_1_13' title='bbox 385 630 413 694; x_wconf 90' lang='lat'>1.</span> <span class='ocrx_word' id='word_1_14' title='bbox 438 633 516 710; x_wconf 79' lang='lat'>3963</span> <span class='ocrx_word' id='word_1_15' title='bbox 540 629 761 714; x_wconf 85' lang='lat' dir='ltr'>Frohberger.</span> <span class='ocrx_word' id='word_1_16' title='bbox 785 632 936 714; x_wconf 84' lang='lat' dir='ltr'>prolegg.</span> <span class='ocrx_word' id='word_1_17' title='bbox 961 628 980 714; x_wconf 65' lang='grc' dir='ltr'><strong>ξ</strong></span> <span class='ocrx_word' id='word_1_18' title='bbox 1005 635 1054 695; x_wconf 86' lang='grc'>14.</span> 
     </span>
    </p>

    <p class='ocr_par' dir='ltr' id='par_1_3' title="bbox 284 731 1419 1228">
     <span class='ocr_line' id='line_1_4' title="bbox 371 731 1417 815; baseline 0.001 -16"><span class='ocrx_word' id='word_1_19' title='bbox 371 731 469 815; x_wconf 76' lang='lat' dir='ltr'>Quod</span> <span class='ocrx_word' id='word_1_20' title='bbox 492 732 521 798; x_wconf 92' lang='lat' dir='ltr'>si</span> <span class='ocrx_word' id='word_1_21' title='bbox 542 751 604 813; x_wconf 91' lang='lat' dir='ltr'>pro</span> <span class='ocrx_word' id='word_1_22' title='bbox 627 752 787 800; x_wconf 87' lang='lat' dir='ltr'>concesso</span> <span class='ocrx_word' id='word_1_23' title='bbox 811 739 845 798; x_wconf 86' lang='lat' dir='ltr'>et</span> <span class='ocrx_word' id='word_1_24' title='bbox 867 733 1008 814; x_wconf 88' lang='lat' dir='ltr'>probato</span> <span class='ocrx_word' id='word_1_25' title='bbox 1032 733 1205 814; x_wconf 69' lang='lat' dir='ltr'>sumimus,</span> <span class='ocrx_word' id='word_1_26' title='bbox 1229 752 1295 799; x_wconf 92' lang='lat' dir='ltr'>non</span> <span class='ocrx_word' id='word_1_27' title='bbox 1319 733 1417 800; x_wconf 92' lang='lat' dir='ltr'>modo</span> 
     </span>
     <span class='ocr_line' id='line_1_5' title="bbox 285 836 1417 918; baseline -0.001 -16"><span class='ocrx_word' id='word_1_28' title='bbox 285 855 349 902; x_wconf 91' lang='lat' dir='ltr'>non</span> <span class='ocrx_word' id='word_1_29' title='bbox 373 836 505 901; x_wconf 91' lang='lat' dir='ltr'>initium</span> <span class='ocrx_word' id='word_1_30' title='bbox 527 836 690 902; x_wconf 89' lang='lat' dir='ltr'>orationis</span> <span class='ocrx_word' id='word_1_31' title='bbox 713 837 841 902; x_wconf 90' lang='lat' dir='ltr'>XXIV.</span> <span class='ocrx_word' id='word_1_32' title='bbox 865 836 1034 918; x_wconf 92' lang='lat' dir='ltr'>prooemio</span> <span class='ocrx_word' id='word_1_33' title='bbox 1058 836 1220 902; x_wconf 89' lang='lat' dir='ltr'>orationis</span> <span class='ocrx_word' id='word_1_34' title='bbox 1244 856 1305 918; x_wconf 93' lang='lat' dir='ltr'>pro</span> <span class='ocrx_word' id='word_1_35' title='bbox 1320 838 1417 902; x_wconf 89' lang='lat' dir='ltr'>Man·</span> 
     </span>
     <span class='ocr_line' id='line_1_6' title="bbox 285 939 1419 1023; baseline 0.002 -19"><span class='ocrx_word' id='word_1_36' title='bbox 285 940 389 1006; x_wconf 83' lang='lat' dir='ltr'>titheo</span> <span class='ocrx_word' id='word_1_37' title='bbox 412 939 548 1004; x_wconf 87' lang='lat' dir='ltr'>habitae</span> <span class='ocrx_word' id='word_1_38' title='bbox 571 939 685 1005; x_wconf 89' lang='lat' dir='ltr'>deberi</span> <span class='ocrx_word' id='word_1_39' title='bbox 708 939 881 1006; x_wconf 87' lang='lat' dir='ltr'>fatendum</span> <span class='ocrx_word' id='word_1_40' title='bbox 905 944 967 1020; x_wconf 85' lang='lat' dir='ltr'>est,</span> <span class='ocrx_word' id='word_1_41' title='bbox 985 951 1104 1006; x_wconf 89' lang='lat' dir='ltr'>verum</span> <span class='ocrx_word' id='word_1_42' title='bbox 1119 940 1267 1023; x_wconf 79' lang='lat' dir='ltr'><strong>Lysiam,</strong></span> <span class='ocrx_word' id='word_1_43' title='bbox 1284 940 1419 1021; x_wconf 91' lang='lat' dir='ltr'>qualem</span> 
     </span>
     <span class='ocr_line' id='line_1_7' title="bbox 285 1043 1417 1127; baseline 0.001 -19"><span class='ocrx_word' id='word_1_44' title='bbox 285 1043 452 1123; x_wconf 83' lang='lat' dir='ltr'>novimus,</span> <span class='ocrx_word' id='word_1_45' title='bbox 486 1043 519 1108; x_wconf 94' lang='lat' dir='ltr'>in</span> <span class='ocrx_word' id='word_1_46' title='bbox 554 1047 697 1124; x_wconf 88' lang='lat' dir='ltr'>utroque</span> <span class='ocrx_word' id='word_1_47' title='bbox 731 1044 899 1123; x_wconf 91' lang='lat' dir='ltr'>prooemio</span> <span class='ocrx_word' id='word_1_48' title='bbox 934 1044 1033 1124; x_wconf 89' lang='lat' dir='ltr'>plane</span> <span class='ocrx_word' id='word_1_49' title='bbox 1068 1043 1205 1127; x_wconf 79' lang='lat' dir='ltr'>agnosci</span> <span class='ocrx_word' id='word_1_50' title='bbox 1241 1062 1339 1123; x_wconf 88' lang='lat' dir='ltr'>posse</span> <span class='ocrx_word' id='word_1_51' title='bbox 1374 1043 1417 1109; x_wconf 93' lang='lat' dir='ltr'>ad</span> 
     </span>
     <span class='ocr_line' id='line_1_8' title="bbox 284 1145 782 1228; baseline 0.004 -18"><span class='ocrx_word' id='word_1_52' title='bbox 284 1146 445 1227; x_wconf 92' lang='lat' dir='ltr'>liquidum</span> <span class='ocrx_word' id='word_1_53' title='bbox 469 1150 522 1211; x_wconf 88' lang='lat' dir='ltr'>est</span> <span class='ocrx_word' id='word_1_54' title='bbox 544 1145 782 1228; x_wconf 84' lang='lat' dir='ltr'>perductum.*)</span> 
     </span>
    </p>
   </div>
   <div class='ocr_carea' id='block_1_3' title="bbox 815 1297 888 1385">
    <p class='ocr_par' dir='ltr' id='par_1_4' title="bbox 815 1297 888 1385">
     <span class='ocr_line' id='line_1_9' title="bbox 815 1297 888 1385; baseline 0.014 -20"><span class='ocrx_word' id='word_1_55' title='bbox 815 1297 888 1385; x_wconf 71' lang='lat' dir='ltr'>§a</span> 
     </span>
    </p>
   </div>
   <div class='ocr_carea' id='block_1_4' title="bbox 281 1438 1418 3900">
    <p class='ocr_par' dir='ltr' id='par_1_5' title="bbox 281 1438 1418 3900">
     <span class='ocr_line' id='line_1_10' title="bbox 370 1438 1417 1520; baseline 0.001 -17"><span class='ocrx_word' id='word_1_56' title='bbox 370 1439 443 1504; x_wconf 88' lang='lat' dir='ltr'>Iam</span> <span class='ocrx_word' id='word_1_57' title='bbox 481 1439 671 1520; x_wconf 64' lang='lat' dir='ltr'>videamus</span> <span class='ocrx_word' id='word_1_58' title='bbox 710 1457 797 1519; x_wconf 86' lang='lat' dir='ltr'>quae</span> <span class='ocrx_word' id='word_1_59' title='bbox 831 1442 946 1504; x_wconf 83' lang='lat' dir='ltr'>cetera</span> <span class='ocrx_word' id='word_1_60' title='bbox 980 1439 1107 1504; x_wconf 89' lang='lat' dir='ltr'>crimini</span> <span class='ocrx_word' id='word_1_61' title='bbox 1141 1438 1307 1504; x_wconf 87' lang='lat' dir='ltr'>vertenda</span> <span class='ocrx_word' id='word_1_62' title='bbox 1341 1457 1417 1506; x_wconf 89' lang='lat' dir='ltr'>esse</span> 
     </span>
     <span class='ocr_line' id='line_1_11' title="bbox 285 1542 1416 1626; baseline 0.001 -19"><span class='ocrx_word' id='word_1_63' title='bbox 285 1547 421 1608; x_wconf 87' lang='lat' dir='ltr'>nostrae</span> <span class='ocrx_word' id='word_1_64' title='bbox 444 1542 588 1608; x_wconf 85' lang='lat' dir='ltr'>orationi</span> <span class='ocrx_word' id='word_1_65' title='bbox 612 1548 815 1608; x_wconf 87' lang='lat' dir='ltr'>censuerunt</span> <span class='ocrx_word' id='word_1_66' title='bbox 839 1542 937 1608; x_wconf 84' lang='lat' dir='ltr'>docti.</span> <span class='ocrx_word' id='word_1_67' title='bbox 969 1543 1032 1608; x_wconf 81' lang='lat' dir='ltr'>Est</span> <span class='ocrx_word' id='word_1_68' title='bbox 1055 1547 1167 1607; x_wconf 89' lang='lat' dir='ltr'>autem</span> <span class='ocrx_word' id='word_1_69' title='bbox 1191 1561 1293 1606; x_wconf 92' lang='lat' dir='ltr'>unum</span> <span class='ocrx_word' id='word_1_70' title='bbox 1316 1561 1416 1626; x_wconf 82' lang='lat' dir='ltr'>argu·</span> 
     </span>
     <span class='ocr_line' id='line_1_12' title="bbox 285 1644 1416 1726; baseline 0 -16"><span class='ocrx_word' id='word_1_71' title='bbox 285 1651 442 1726; x_wconf 89' lang='lat' dir='ltr'>mentum,</span> <span class='ocrx_word' id='word_1_72' title='bbox 467 1664 532 1726; x_wconf 93' lang='lat' dir='ltr'>quo</span> <span class='ocrx_word' id='word_1_73' title='bbox 555 1646 698 1711; x_wconf 80' lang='lat' dir='ltr'><strong>maxime</strong></span> <span class='ocrx_word' id='word_1_74' title='bbox 722 1645 786 1711; x_wconf 85' lang='lat' dir='ltr'>nisi</span> <span class='ocrx_word' id='word_1_75' title='bbox 809 1645 1057 1711; x_wconf 85' lang='lat' dir='ltr'>damnatorium</span> <span class='ocrx_word' id='word_1_76' title='bbox 1079 1645 1230 1710; x_wconf 88' lang='lat' dir='ltr'>tulerunt</span> <span class='ocrx_word' id='word_1_77' title='bbox 1244 1644 1416 1711; x_wconf 91' lang='lat' dir='ltr'>iudicium:</span> 
     </span>
     <span class='ocr_line' id='line_1_13' title="bbox 285 1748 1418 1831; baseline 0 -17"><span class='ocrx_word' id='word_1_78' title='bbox 285 1766 489 1831; x_wconf 85' lang='lat' dir='ltr'>quamquam</span> <span class='ocrx_word' id='word_1_79' title='bbox 512 1749 600 1814; x_wconf 90' lang='lat' dir='ltr'>enim</span> <span class='ocrx_word' id='word_1_80' title='bbox 624 1749 701 1814; x_wconf 92' lang='lat' dir='ltr'>huic</span> <span class='ocrx_word' id='word_1_81' title='bbox 724 1748 848 1814; x_wconf 88' lang='lat' dir='ltr'>actioni</span> <span class='ocrx_word' id='word_1_82' title='bbox 870 1767 924 1814; x_wconf 88' lang='lat' dir='ltr'>ros</span> <span class='ocrx_word' id='word_1_83' title='bbox 948 1749 1064 1814; x_wconf 85' lang='lat' dir='ltr'>subest</span> <span class='ocrx_word' id='word_1_84' title='bbox 1087 1749 1172 1814; x_wconf 91' lang='lat' dir='ltr'>satis</span> <span class='ocrx_word' id='word_1_85' title='bbox 1195 1748 1340 1829; x_wconf 87' lang='lat' dir='ltr'>parvula</span> <span class='ocrx_word' id='word_1_86' title='bbox 1355 1767 1418 1814; x_wconf 89' lang='lat' dir='ltr'>neo</span> 
     </span>
     <span class='ocr_line' id='line_1_14' title="bbox 285 1850 1416 1934; baseline 0 -18"><span class='ocrx_word' id='word_1_87' title='bbox 285 1852 486 1934; x_wconf 79' lang='lat' dir='ltr'>gravissima</span> <span class='ocrx_word' id='word_1_88' title='bbox 509 1857 561 1919; x_wconf 90' lang='lat' dir='ltr'>est</span> <span class='ocrx_word' id='word_1_89' title='bbox 584 1871 689 1918; x_wconf 88' lang='lat' dir='ltr'>causa</span> <span class='ocrx_word' id='word_1_90' title='bbox 709 1852 877 1918; x_wconf 90' lang='lat' dir='ltr'>-suasit</span> <span class='ocrx_word' id='word_1_91' title='bbox 900 1855 1089 1932; x_wconf 88' lang='lat' dir='ltr'>accusator,</span> <span class='ocrx_word' id='word_1_92' title='bbox 1112 1855 1151 1917; x_wconf 90' lang='lat' dir='ltr'>ut</span> <span class='ocrx_word' id='word_1_93' title='bbox 1172 1850 1321 1916; x_wconf 85' lang='lat' dir='ltr'>invalido</span> <span class='ocrx_word' id='word_1_94' title='bbox 1338 1851 1416 1916; x_wconf 90' lang='lat' dir='ltr'>obo-</span> 
     </span>
     <span class='ocr_line' id='line_1_15' title="bbox 284 1955 1418 2045; baseline -0.001 -24"><span class='ocrx_word' id='word_1_95' title='bbox 284 1957 337 2022; x_wconf 92' lang='lat' dir='ltr'>lus</span> <span class='ocrx_word' id='word_1_96' title='bbox 372 1956 482 2045; x_wconf 89' lang='lat' dir='ltr'>adhuc</span> <span class='ocrx_word' id='word_1_97' title='bbox 515 1957 689 2037; x_wconf 90' lang='lat' dir='ltr'>praebitus</span> <span class='ocrx_word' id='word_1_98' title='bbox 724 1955 922 2022; x_wconf 90' lang='lat' dir='ltr'>adimendus</span> <span class='ocrx_word' id='word_1_99' title='bbox 957 1960 1047 2020; x_wconf 88' lang='lat' dir='ltr'>esset</span> <span class='ocrx_word' id='word_1_100' title='bbox 1080 1990 1122 1999; x_wconf 92' lang='lat'><strong>—</strong></span> <span class='ocrx_word' id='word_1_101' title='bbox 1155 1957 1269 2019; x_wconf 90' lang='lat' dir='ltr'>tamen</span> <span class='ocrx_word' id='word_1_102' title='bbox 1303 1959 1418 2020; x_wconf 88' lang='lat' dir='ltr'>orator</span> 
     </span>
     <span class='ocr_line' id='line_1_16' title="bbox 285 2057 1415 2144; baseline -0.001 -19"><span class='ocrx_word' id='word_1_103' title='bbox 285 2078 426 2144; x_wconf 86' lang='lat' dir='ltr'>magnas</span> <span class='ocrx_word' id='word_1_104' title='bbox 449 2059 552 2126; x_wconf 86' lang='lat' dir='ltr'>efficit</span> <span class='ocrx_word' id='word_1_105' title='bbox 574 2059 768 2144; x_wconf 82' lang='lat' dir='ltr'>tragoedias</span> <span class='ocrx_word' id='word_1_106' title='bbox 790 2078 992 2144; x_wconf 86' lang='lat' dir='ltr'>magnoque,</span> <span class='ocrx_word' id='word_1_107' title='bbox 1017 2062 1055 2124; x_wconf 86' lang='lat' dir='ltr'>ut</span> <span class='ocrx_word' id='word_1_108' title='bbox 1077 2057 1126 2123; x_wconf 88' lang='lat' dir='ltr'>ait</span> <span class='ocrx_word' id='word_1_109' title='bbox 1149 2058 1338 2139; x_wconf 80' lang='lat' dir='ltr'>Terentius,</span> <span class='ocrx_word' id='word_1_110' title='bbox 1362 2077 1415 2124; x_wconf 94' lang='lat' dir='ltr'>co·</span> 
     </span>
     <span class='ocr_line' id='line_1_17' title="bbox 285 2160 1415 2246; baseline -0.001 -20"><span class='ocrx_word' id='word_1_111' title='bbox 285 2165 367 2228; x_wconf 90' lang='lat' dir='ltr'>natu</span> <span class='ocrx_word' id='word_1_112' title='bbox 390 2163 469 2229; x_wconf 89' lang='lat' dir='ltr'>dicit</span> <span class='ocrx_word' id='word_1_113' title='bbox 491 2182 632 2246; x_wconf 84' lang='lat' dir='ltr'>magnas</span> <span class='ocrx_word' id='word_1_114' title='bbox 655 2181 774 2246; x_wconf 83' lang='lat' dir='ltr'>nugas,</span> <span class='ocrx_word' id='word_1_115' title='bbox 808 2163 858 2228; x_wconf 86' lang='lat' dir='ltr'>ita</span> <span class='ocrx_word' id='word_1_116' title='bbox 886 2167 923 2227; x_wconf 93' lang='lat' dir='ltr'>ut</span> <span class='ocrx_word' id='word_1_117' title='bbox 950 2167 1122 2242; x_wconf 84' lang='lat' dir='ltr'>tamquam</span> <span class='ocrx_word' id='word_1_118' title='bbox 1145 2160 1320 2228; x_wconf 87' lang='lat' dir='ltr'>dissensus</span> <span class='ocrx_word' id='word_1_119' title='bbox 1343 2161 1415 2242; x_wconf 92' lang='lat' dir='ltr'>qui-</span> 
     </span>
     <span class='ocr_line' id='line_1_18' title="bbox 285 2264 1416 2345; baseline 0 -15"><span class='ocrx_word' id='word_1_120' title='bbox 285 2265 362 2330; x_wconf 89' lang='lat' dir='ltr'>dam</span> <span class='ocrx_word' id='word_1_121' title='bbox 386 2266 527 2332; x_wconf 81' lang='lat' dir='ltr'>exsistat</span> <span class='ocrx_word' id='word_1_122' title='bbox 549 2266 638 2332; x_wconf 88' lang='lat' dir='ltr'>inter</span> <span class='ocrx_word' id='word_1_123' title='bbox 660 2265 836 2331; x_wconf 87' lang='lat' dir='ltr'>materiam</span> <span class='ocrx_word' id='word_1_124' title='bbox 859 2269 960 2345; x_wconf 89' lang='lat' dir='ltr'>atque</span> <span class='ocrx_word' id='word_1_125' title='bbox 985 2264 1134 2329; x_wconf 83' lang='lat' dir='ltr'>formam.</span> <span class='ocrx_word' id='word_1_126' title='bbox 1179 2265 1416 2331; x_wconf 87' lang='lat' dir='ltr'>Acerbissimis</span> 
     </span>
     <span class='ocr_line' id='line_1_19' title="bbox 283 2367 1417 2449; baseline -0.001 -16"><span class='ocrx_word' id='word_1_127' title='bbox 283 2368 402 2434; x_wconf 88' lang='lat' dir='ltr'>irridet</span> <span class='ocrx_word' id='word_1_128' title='bbox 423 2369 555 2434; x_wconf 86' lang='lat' dir='ltr'>facetiis</span> <span class='ocrx_word' id='word_1_129' title='bbox 580 2376 821 2449; x_wconf 71' lang='lat' dir='ltr'>accusatorem,</span> <span class='ocrx_word' id='word_1_130' title='bbox 851 2368 1272 2448; x_wconf 88' lang='lat' dir='ltr'>contumeliosissimasque</span> <span class='ocrx_word' id='word_1_131' title='bbox 1295 2367 1417 2433; x_wconf 83' lang='lat' dir='ltr'>emitt‘t</span> 
     </span>
     <span class='ocr_line' id='line_1_20' title="bbox 284 2471 1417 2552; baseline -0.002 -14"><span class='ocrx_word' id='word_1_132' title='bbox 284 2491 386 2538; x_wconf 88' lang='lat' dir='ltr'>voces</span> <span class='ocrx_word' id='word_1_133' title='bbox 415 2472 448 2537; x_wconf 91' lang='lat' dir='ltr'>in</span> <span class='ocrx_word' id='word_1_134' title='bbox 476 2473 607 2539; x_wconf 83' lang='lat' dir='ltr'>fatuum</span> <span class='ocrx_word' id='word_1_135' title='bbox 634 2473 801 2538; x_wconf 91' lang='lat' dir='ltr'>hominem</span> <span class='ocrx_word' id='word_1_136' title='bbox 829 2477 863 2537; x_wconf 87' lang='lat' dir='ltr'>et</span> <span class='ocrx_word' id='word_1_137' title='bbox 890 2490 932 2536; x_wconf 86' lang='lat' dir='ltr'>ex</span> <span class='ocrx_word' id='word_1_138' title='bbox 955 2471 1055 2537; x_wconf 84' lang='lat' dir='ltr'>trivio</span> <span class='ocrx_word' id='word_1_139' title='bbox 1078 2471 1148 2537; x_wconf 89' lang='lat' dir='ltr'>fere</span> <span class='ocrx_word' id='word_1_140' title='bbox 1172 2471 1291 2552; x_wconf 87' lang='lat' dir='ltr'>arripit</span> <span class='ocrx_word' id='word_1_141' title='bbox 1313 2471 1417 2536; x_wconf 89' lang='lat' dir='ltr'>male·</span> 
     </span>
     <span class='ocr_line' id='line_1_21' title="bbox 285 2574 1417 2657; baseline -0.003 -16"><span class='ocrx_word' id='word_1_142' title='bbox 285 2576 384 2642; x_wconf 92' lang='lat' dir='ltr'>dicta.</span> <span class='ocrx_word' id='word_1_143' title='bbox 440 2576 623 2642; x_wconf 90' lang='lat' dir='ltr'>Brunsius:</span> <span class='ocrx_word' id='word_1_144' title='bbox 659 2575 794 2657; x_wconf 77' lang='lat' dir='ltr'>„diese</span> <span class='ocrx_word' id='word_1_145' title='bbox 829 2574 1055 2641; x_wconf 75' lang='lat' dir='ltr'>bldtenIese</span> <span class='ocrx_word' id='word_1_146' title='bbox 1089 2594 1165 2640; x_wconf 85' lang='lat' dir='ltr'>von</span> <span class='ocrx_word' id='word_1_147' title='bbox 1204 2574 1417 2656; x_wconf 86' lang='lat' dir='ltr'>schimpfe-</span> 
     </span>
     <span class='ocr_line' id='line_1_22' title="bbox 284 2678 1416 2761; baseline 0 -18"><span class='ocrx_word' id='word_1_148' title='bbox 284 2679 396 2745; x_wconf 91' lang='lat' dir='ltr'>reien</span> <span class='ocrx_word' id='word_1_149' title='bbox 431 2680 657 2761; x_wconf 89' lang='lat' dir='ltr'>entspricht</span> <span class='ocrx_word' id='word_1_150' title='bbox 691 2679 774 2744; x_wconf 91' lang='lat' dir='ltr'>dem</span> <span class='ocrx_word' id='word_1_151' title='bbox 802 2678 1031 2744; x_wconf 90' lang='lat' dir='ltr'>harmlosen</span> <span class='ocrx_word' id='word_1_152' title='bbox 1064 2679 1202 2744; x_wconf 86' lang='lat' dir='ltr'>anlass</span> <span class='ocrx_word' id='word_1_153' title='bbox 1230 2678 1299 2744; x_wconf 88' lang='lat' dir='ltr'>des</span> <span class='ocrx_word' id='word_1_154' title='bbox 1326 2697 1416 2760; x_wconf 92' lang='lat' dir='ltr'>pro·</span> 
     </span>
     <span class='ocr_line' id='line_1_23' title="bbox 285 2781 1417 2867; baseline -0.002 -19"><span class='ocrx_word' id='word_1_155' title='bbox 285 2802 419 2849; x_wconf 79' lang='lat' dir='ltr'>cesses</span> <span class='ocrx_word' id='word_1_156' title='bbox 453 2782 611 2867; x_wconf 84' lang='lat' dir='ltr'>wenig.“</span> <span class='ocrx_word' id='word_1_157' title='bbox 657 2782 779 2849; x_wconf 85' lang='lat' dir='ltr'>Altera</span> <span class='ocrx_word' id='word_1_158' title='bbox 806 2801 846 2848; x_wconf 83' lang='lat' dir='ltr'>ex</span> <span class='ocrx_word' id='word_1_159' title='bbox 875 2787 972 2864; x_wconf 88' lang='lat' dir='ltr'>parte</span> <span class='ocrx_word' id='word_1_160' title='bbox 1001 2801 1076 2847; x_wconf 92' lang='lat' dir='ltr'>cum</span> <span class='ocrx_word' id='word_1_161' title='bbox 1099 2800 1165 2847; x_wconf 92' lang='lat' dir='ltr'>non</span> <span class='ocrx_word' id='word_1_162' title='bbox 1187 2781 1417 2863; x_wconf 87' lang='lat' dir='ltr'>infrequenter</span> 
     </span>
     <span class='ocr_line' id='line_1_24' title="bbox 285 2885 1418 2967; baseline -0.003 -15"><span class='ocrx_word' id='word_1_163' title='bbox 285 2887 374 2952; x_wconf 91' lang='lat' dir='ltr'>sales</span> <span class='ocrx_word' id='word_1_164' title='bbox 403 2887 560 2953; x_wconf 79' lang='lat' dir='ltr'>scurriles</span> <span class='ocrx_word' id='word_1_165' title='bbox 584 2891 618 2952; x_wconf 90' lang='lat' dir='ltr'>et</span> <span class='ocrx_word' id='word_1_166' title='bbox 639 2887 704 2952; x_wconf 91' lang='lat' dir='ltr'>ioci</span> <span class='ocrx_word' id='word_1_167' title='bbox 726 2886 834 2951; x_wconf 90' lang='lat' dir='ltr'>minus</span> <span class='ocrx_word' id='word_1_168' title='bbox 857 2885 951 2967; x_wconf 88' lang='lat' dir='ltr'>politi</span> <span class='ocrx_word' id='word_1_169' title='bbox 974 2885 1201 2966; x_wconf 80' lang='lat' dir='ltr'>inveniantur,</span> <span class='ocrx_word' id='word_1_170' title='bbox 1225 2885 1357 2965; x_wconf 86' lang='lat' dir='ltr'>accidit,</span> <span class='ocrx_word' id='word_1_171' title='bbox 1379 2889 1418 2950; x_wconf 85' lang='lat' dir='ltr'>ut</span> 
     </span>
     <span class='ocr_line' id='line_1_25' title="bbox 283 2987 1416 3070; baseline -0.001 -16"><span class='ocrx_word' id='word_1_172' title='bbox 283 2993 395 3054; x_wconf 90' lang='lat' dir='ltr'>utrum</span> <span class='ocrx_word' id='word_1_173' title='bbox 420 2991 506 3056; x_wconf 90' lang='lat' dir='ltr'>serio</span> <span class='ocrx_word' id='word_1_174' title='bbox 531 2989 698 3070; x_wconf 86' lang='lat' dir='ltr'>quaedam</span> <span class='ocrx_word' id='word_1_175' title='bbox 721 3009 764 3054; x_wconf 88' lang='lat' dir='ltr'>an</span> <span class='ocrx_word' id='word_1_176' title='bbox 788 2990 861 3055; x_wconf 90' lang='lat' dir='ltr'>ioco</span> <span class='ocrx_word' id='word_1_177' title='bbox 885 2987 1040 3054; x_wconf 87' lang='lat' dir='ltr'>dicantur</span> <span class='ocrx_word' id='word_1_178' title='bbox 1066 2987 1101 3052; x_wconf 93' lang='lat' dir='ltr'>in</span> <span class='ocrx_word' id='word_1_179' title='bbox 1125 2988 1272 3053; x_wconf 87' lang='lat' dir='ltr'>tenebris</span> <span class='ocrx_word' id='word_1_180' title='bbox 1296 2987 1416 3054; x_wconf 88' lang='lat' dir='ltr'>iaceat.</span> 
     </span>
     <span class='ocr_line' id='line_1_26' title="bbox 286 3091 1417 3174; baseline 0 -17"><span class='ocrx_word' id='word_1_181' title='bbox 286 3092 377 3173; x_wconf 77' lang='lat' dir='ltr'>Quos</span> <span class='ocrx_word' id='word_1_182' title='bbox 400 3098 539 3174; x_wconf 89' lang='lat' dir='ltr'>propter</span> <span class='ocrx_word' id='word_1_183' title='bbox 561 3095 652 3159; x_wconf 88' lang='lat' dir='ltr'>iocos</span> <span class='ocrx_word' id='word_1_184' title='bbox 669 3093 751 3158; x_wconf 88' lang='lat' dir='ltr'>mire</span> <span class='ocrx_word' id='word_1_185' title='bbox 767 3093 898 3158; x_wconf 89' lang='lat' dir='ltr'>iocosos</span> <span class='ocrx_word' id='word_1_186' title='bbox 915 3096 948 3156; x_wconf 90' lang='lat' dir='ltr'>et</span> <span class='ocrx_word' id='word_1_187' title='bbox 964 3095 1096 3156; x_wconf 88' lang='lat' dir='ltr'>ceteras</span> <span class='ocrx_word' id='word_1_188' title='bbox 1112 3091 1256 3172; x_wconf 89' lang='lat' dir='ltr'>ineptias</span> <span class='ocrx_word' id='word_1_189' title='bbox 1271 3091 1417 3172; x_wconf 72' lang='lat' dir='ltr'>putidae,</span> 
     </span>
     <span class='ocr_line' id='line_1_27' title="bbox 285 3194 1417 3285; baseline -0.001 -24"><span class='ocrx_word' id='word_1_190' title='bbox 285 3195 405 3276; x_wconf 91' lang='lat' dir='ltr'>quibus</span> <span class='ocrx_word' id='word_1_191' title='bbox 428 3200 575 3261; x_wconf 89' lang='lat' dir='ltr'>scateret</span> <span class='ocrx_word' id='word_1_192' title='bbox 597 3195 682 3262; x_wconf 89' lang='lat' dir='ltr'>haec</span> <span class='ocrx_word' id='word_1_193' title='bbox 705 3196 823 3276; x_wconf 82' lang='lat' dir='ltr'>oratio,</span> <span class='ocrx_word' id='word_1_194' title='bbox 851 3213 1009 3285; x_wconf 29' lang='lat' dir='ltr'>quasque„</span> <span class='ocrx_word' id='word_1_195' title='bbox 1027 3194 1117 3274; x_wconf 91' lang='lat' dir='ltr'>apud</span> <span class='ocrx_word' id='word_1_196' title='bbox 1141 3197 1317 3260; x_wconf 89' lang='lat' dir='ltr'>senatores</span> <span class='ocrx_word' id='word_1_197' title='bbox 1341 3213 1417 3275; x_wconf 91' lang='lat' dir='ltr'>pro-</span> 
     </span>
     <span class='ocr_line' id='line_1_28' title="bbox 281 3296 1414 3380; baseline 0 -18"><span class='ocrx_word' id='word_1_198' title='bbox 281 3299 372 3364; x_wconf 89' lang='lat' dir='ltr'>latas</span> <span class='ocrx_word' id='word_1_199' title='bbox 384 3317 460 3365; x_wconf 89' lang='lat' dir='ltr'>esse</span> <span class='ocrx_word' id='word_1_200' title='bbox 477 3299 533 3363; x_wconf 86' lang='lat' dir='ltr'>vix</span> <span class='ocrx_word' id='word_1_201' title='bbox 548 3318 651 3380; x_wconf 91' lang='lat' dir='ltr'>prope</span> <span class='ocrx_word' id='word_1_202' title='bbox 668 3298 844 3365; x_wconf 90' lang='lat' dir='ltr'>accederet</span> <span class='ocrx_word' id='word_1_203' title='bbox 860 3297 904 3363; x_wconf 88' lang='lat' dir='ltr'>ad</span> <span class='ocrx_word' id='word_1_204' title='bbox 920 3296 1414 3376; x_wconf 88' lang='lat' dir='ltr'>verisimilitudinem,Boockh·</span> 
     </span>
     <span class='ocr_line' id='line_1_29' title="bbox 284 3399 1415 3481; baseline 0 -17"><span class='ocrx_word' id='word_1_205' title='bbox 284 3401 336 3468; x_wconf 89' lang='lat' dir='ltr'>ius</span> <span class='ocrx_word' id='word_1_206' title='bbox 365 3405 399 3466; x_wconf 91' lang='lat' dir='ltr'>et</span> <span class='ocrx_word' id='word_1_207' title='bbox 421 3401 589 3467; x_wconf 90' lang='lat' dir='ltr'>Brunsius</span> <span class='ocrx_word' id='word_1_208' title='bbox 618 3402 705 3466; x_wconf 90' lang='lat' dir='ltr'>hanc</span> <span class='ocrx_word' id='word_1_209' title='bbox 733 3400 920 3466; x_wconf 86' lang='lat' dir='ltr'>orationem</span> <span class='ocrx_word' id='word_1_210' title='bbox 950 3418 1015 3465; x_wconf 92' lang='lat' dir='ltr'>non</span> <span class='ocrx_word' id='word_1_211' title='bbox 1044 3419 1158 3465; x_wconf 89' lang='lat' dir='ltr'>verum</span> <span class='ocrx_word' id='word_1_212' title='bbox 1195 3399 1321 3481; x_wconf 82' lang='grc' dir='ltr'><em>ἀγῶνα,</em></span> <span class='ocrx_word' id='word_1_213' title='bbox 1357 3400 1415 3465; x_wconf 87' lang='lat' dir='ltr'>sed</span> 
     </span>
     <span class='ocr_line' id='line_1_30' title="bbox 283 3502 1417 3587; baseline 0 -19"><span class='ocrx_word' id='word_1_214' title='bbox 283 3502 431 3587; x_wconf 77' lang='grc' dir='ltr'><strong><em>μελέτην</em></strong></span> <span class='ocrx_word' id='word_1_215' title='bbox 454 3524 529 3570; x_wconf 88' lang='lat' dir='ltr'>esse</span> <span class='ocrx_word' id='word_1_216' title='bbox 546 3505 708 3586; x_wconf 88' lang='lat' dir='ltr'>suspicati</span> <span class='ocrx_word' id='word_1_217' title='bbox 726 3508 813 3570; x_wconf 90' lang='lat' dir='ltr'>sunt.</span> <span class='ocrx_word' id='word_1_218' title='bbox 849 3503 1038 3570; x_wconf 88' lang='lat' dir='ltr'>Boeckhius</span> <span class='ocrx_word' id='word_1_219' title='bbox 1054 3504 1071 3566; x_wconf 89' lang='lat' dir='ltr'>I</span> <span class='ocrx_word' id='word_1_220' title='bbox 1087 3502 1193 3568; x_wconf 83' lang='lat' dir='ltr'>309d:</span> <span class='ocrx_word' id='word_1_221' title='bbox 1219 3503 1302 3584; x_wconf 83' lang='lat' dir='ltr'>„die</span> <span class='ocrx_word' id='word_1_222' title='bbox 1325 3502 1417 3568; x_wconf 92' lang='lat' dir='ltr'>rede</span> 
     </span>
     <span class='ocr_line' id='line_1_31' title="bbox 284 3606 1417 3689; baseline -0.001 -17"><span class='ocrx_word' id='word_1_223' title='bbox 284 3609 335 3673; x_wconf 90' lang='lat' dir='ltr'>ist</span> <span class='ocrx_word' id='word_1_224' title='bbox 364 3608 402 3673; x_wconf 95' lang='lat' dir='ltr'>in</span> <span class='ocrx_word' id='word_1_225' title='bbox 431 3608 556 3673; x_wconf 91' lang='lat' dir='ltr'>einem</span> <span class='ocrx_word' id='word_1_226' title='bbox 586 3627 627 3674; x_wconf 89' lang='lat' dir='ltr'>so</span> <span class='ocrx_word' id='word_1_227' title='bbox 655 3607 951 3689; x_wconf 89' lang='lat' dir='ltr'>possierlichen</span> <span class='ocrx_word' id='word_1_228' title='bbox 982 3609 1075 3671; x_wconf 91' lang='lat' dir='ltr'>tone</span> <span class='ocrx_word' id='word_1_229' title='bbox 1101 3606 1297 3688; x_wconf 82' lang='lat' dir='ltr'>versasst‚</span> <span class='ocrx_word' id='word_1_230' title='bbox 1324 3606 1417 3672; x_wconf 88' lang='lat' dir='ltr'>dass</span> 
     </span>
     <span class='ocr_line' id='line_1_32' title="bbox 283 3708 1418 3794; baseline -0.003 -18"><span class='ocrx_word' id='word_1_231' title='bbox 283 3713 345 3777; x_wconf 94' lang='lat' dir='ltr'>ich</span> <span class='ocrx_word' id='word_1_232' title='bbox 384 3712 441 3778; x_wconf 92' lang='lat' dir='ltr'>sie</span> <span class='ocrx_word' id='word_1_233' title='bbox 479 3712 543 3778; x_wconf 84' lang='lat' dir='ltr'>fdr</span> <span class='ocrx_word' id='word_1_234' title='bbox 577 3712 666 3776; x_wconf 86' lang='lat' dir='ltr'>eine</span> <span class='ocrx_word' id='word_1_235' title='bbox 703 3712 835 3777; x_wconf 83' lang='lat' dir='ltr'>blosse</span> <span class='ocrx_word' id='word_1_236' title='bbox 874 3709 1155 3794; x_wconf 81' lang='lat' dir='ltr'>nebungsrede</span> <span class='ocrx_word' id='word_1_237' title='bbox 1193 3711 1317 3791; x_wconf 82' lang='lat' dir='ltr'>halte,</span> <span class='ocrx_word' id='word_1_238' title='bbox 1355 3708 1418 3774; x_wconf 89' lang='lat' dir='ltr'>die</span> 
     </span>
     <span class='ocr_line' id='line_1_33' title="bbox 285 3811 1418 3900; baseline -0.003 -20"><span class='ocrx_word' id='word_1_239' title='bbox 285 3816 396 3881; x_wconf 88' lang='lat' dir='ltr'>nicht</span> <span class='ocrx_word' id='word_1_240' title='bbox 424 3822 694 3900; x_wconf 82' lang='lat' dir='ltr'>vorgetragen</span> <span class='ocrx_word' id='word_1_241' title='bbox 730 3815 877 3880; x_wconf 89' lang='lat' dir='ltr'>wurde:</span> <span class='ocrx_word' id='word_1_242' title='bbox 912 3813 1157 3898; x_wconf 87' lang='lat' dir='ltr'>wenigstcns</span> <span class='ocrx_word' id='word_1_243' title='bbox 1185 3813 1326 3878; x_wconf 66' lang='lat' dir='ltr'>littten</span> <span class='ocrx_word' id='word_1_244' title='bbox 1354 3811 1418 3877; x_wconf 90' lang='lat' dir='ltr'>die</span> 
     </span>
    </p>
   </div>
   <div class='ocr_carea' id='block_1_5' title="bbox 283 3999 1418 4329">
    <p class='ocr_par' dir='ltr' id='par_1_6' title="bbox 283 3999 1418 4329">
     <span class='ocr_line' id='line_1_34' title="bbox 370 3999 1416 4070; baseline -0.005 -14"><span class='ocrx_word' id='word_1_245' title='bbox 370 4003 395 4070; x_wconf 69' lang='lat' dir='ltr'>*i</span> <span class='ocrx_word' id='word_1_246' title='bbox 415 4003 590 4056; x_wconf 78' lang='lat' dir='ltr'>Cavendum</span> <span class='ocrx_word' id='word_1_247' title='bbox 613 4018 678 4056; x_wconf 87' lang='lat' dir='ltr'>esse</span> <span class='ocrx_word' id='word_1_248' title='bbox 702 4018 740 4054; x_wconf 88' lang='lat' dir='ltr'>nc</span> <span class='ocrx_word' id='word_1_249' title='bbox 763 4002 854 4054; x_wconf 90' lang='lat' dir='ltr'>nimis</span> <span class='ocrx_word' id='word_1_250' title='bbox 873 4002 1072 4055; x_wconf 82' lang='lat' dir='ltr'>attribuamus</span> <span class='ocrx_word' id='word_1_251' title='bbox 1090 4000 1158 4052; x_wconf 83' lang='lat' dir='ltr'>talis</span> <span class='ocrx_word' id='word_1_252' title='bbox 1176 4001 1260 4052; x_wconf 90' lang='lat' dir='ltr'>modi</span> <span class='ocrx_word' id='word_1_253' title='bbox 1278 3999 1416 4052; x_wconf 88' lang='lat' dir='ltr'>similitu·</span> 
     </span>
     <span class='ocr_line' id='line_1_35' title="bbox 284 4085 1418 4155; baseline -0.008 -11"><span class='ocrx_word' id='word_1_254' title='bbox 284 4091 408 4144; x_wconf 87' lang='lat' dir='ltr'>dinibus</span> <span class='ocrx_word' id='word_1_255' title='bbox 427 4090 517 4142; x_wconf 82' lang='lat' dir='ltr'>etiam</span> <span class='ocrx_word' id='word_1_256' title='bbox 534 4089 606 4141; x_wconf 86' lang='lat' dir='ltr'>inde</span> <span class='ocrx_word' id='word_1_257' title='bbox 625 4090 730 4153; x_wconf 86' lang='lat' dir='ltr'>elucet,</span> <span class='ocrx_word' id='word_1_258' title='bbox 751 4089 833 4155; x_wconf 90' lang='lat' dir='ltr'>quod</span> <span class='ocrx_word' id='word_1_259' title='bbox 844 4088 876 4140; x_wconf 91' lang='lat' dir='ltr'>in</span> <span class='ocrx_word' id='word_1_260' title='bbox 890 4088 956 4140; x_wconf 83' lang='lat' dir='ltr'>aliis</span> <span class='ocrx_word' id='word_1_261' title='bbox 970 4102 1090 4154; x_wconf 87' lang='lat' dir='ltr'>quoque</span> <span class='ocrx_word' id='word_1_262' title='bbox 1105 4086 1290 4140; x_wconf 80' lang='lat' dir='ltr'>orationibus</span> <span class='ocrx_word' id='word_1_263' title='bbox 1303 4085 1418 4152; x_wconf 77' lang='lat' dir='ltr'>Lysias,</span> 
     </span>
     <span class='ocr_line' id='line_1_36' title="bbox 283 4171 1418 4244; baseline -0.004 -17"><span class='ocrx_word' id='word_1_264' title='bbox 283 4193 360 4244; x_wconf 71' lang='lat' dir='ltr'>«luae</span> <span class='ocrx_word' id='word_1_265' title='bbox 379 4176 452 4228; x_wconf 84' lang='lat' dir='ltr'>alibi</span> <span class='ocrx_word' id='word_1_266' title='bbox 470 4175 530 4227; x_wconf 90' lang='lat' dir='ltr'>iam</span> <span class='ocrx_word' id='word_1_267' title='bbox 549 4175 674 4239; x_wconf 76' lang='lat' dir='ltr'>(linerat,</span> <span class='ocrx_word' id='word_1_268' title='bbox 694 4175 802 4227; x_wconf 84' lang='lat' dir='ltr'>iterare</span> <span class='ocrx_word' id='word_1_269' title='bbox 820 4189 883 4225; x_wconf 92' lang='lat' dir='ltr'>non</span> <span class='ocrx_word' id='word_1_270' title='bbox 902 4173 1058 4237; x_wconf 86' lang='lat' dir='ltr'>dubitavit,</span> <span class='ocrx_word' id='word_1_271' title='bbox 1072 4173 1167 4225; x_wconf 86' lang='lat' dir='ltr'>veluti</span> <span class='ocrx_word' id='word_1_272' title='bbox 1185 4173 1219 4224; x_wconf 92' lang='lat' dir='ltr'>in</span> <span class='ocrx_word' id='word_1_273' title='bbox 1233 4175 1315 4225; x_wconf 82' lang='lat' dir='ltr'>oreti.</span> <span class='ocrx_word' id='word_1_274' title='bbox 1328 4171 1418 4223; x_wconf 88' lang='lat' dir='ltr'>XVII</span> 
     </span>
     <span class='ocr_line' id='line_1_37' title="bbox 283 4257 1295 4329; baseline -0.007 -14"><span class='ocrx_word' id='word_1_275' title='bbox 283 4267 312 4315; x_wconf 82' lang='lat' dir='ltr'>rt</span> <span class='ocrx_word' id='word_1_276' title='bbox 330 4263 414 4326; x_wconf 79' lang='lat' dir='ltr'>XIX,</span> <span class='ocrx_word' id='word_1_277' title='bbox 435 4277 564 4329; x_wconf 85' lang='lat' dir='ltr'>quarum</span> <span class='ocrx_word' id='word_1_278' title='bbox 583 4262 613 4312; x_wconf 94' lang='lat' dir='ltr'>in</span> <span class='ocrx_word' id='word_1_279' title='bbox 633 4261 720 4313; x_wconf 88' lang='lat' dir='ltr'>initio</span> <span class='ocrx_word' id='word_1_280' title='bbox 738 4261 783 4313; x_wconf 90' lang='lat' dir='ltr'>rei</span> <span class='ocrx_word' id='word_1_281' title='bbox 802 4259 981 4326; x_wconf 83' lang='lat' dir='ltr'>imperitiam</span> <span class='ocrx_word' id='word_1_282' title='bbox 1002 4257 1124 4310; x_wconf 86' lang='lat' dir='ltr'>dicendi</span> <span class='ocrx_word' id='word_1_283' title='bbox 1143 4265 1295 4310; x_wconf 84' lang='lat' dir='ltr'>excusant.</span> 
     </span>
    </p>
   </div>
   <div class='ocr_carea' id='block_1_6' title="bbox 0 0 1646 4948">
    <p class='ocr_par' dir='ltr' id='par_1_7' title="bbox 0 0 1646 4948">
     <span class='ocr_line' id='line_1_38' title="bbox 0 0 1646 4948; baseline 0 0"><span class='ocrx_word' id='word_1_284' title='bbox 0 0 1646 4948; x_wconf 95' lang='lat' dir='ltr'> </span> 
     </span>
    </p>
   </div>
  </div>
 </body>
</html>
