3284 4956
800 353 995 414 ...6-

331 542 477 608 iudicum
512 539 785 607 commovendam
821 544 902 621 apta
928 539 1109 606 continent.
1155 539 1195 603 In
1224 534 1275 622 §is
1301 541 1341 602 13
1366 541 1400 603 et
1423 543 1464 602 14

330 646 412 712 iacit
434 646 655 712 contumelias
678 643 767 726 πρὸς
791 646 994 728 κατήγορον,
1015 661 1103 724 quas
1126 642 1160 707 in
1184 637 1236 726 §is
1261 646 1388 706 15-18
1413 659 1463 707 se-

332 749 445 830 quitur
466 767 595 814 morum
619 747 779 814 defensio.
825 743 844 832 ξ
867 752 995 812 21-27
1019 743 1188 827 ἐπίλογος.

418 868 527 949 Quod.
548 886 630 933 vero
664 867 705 932 de
740 873 857 934 nostra
889 866 977 949 άιτὲρ
1006 870 1067 931 τοῦ
1101 863 1277 930 ἀδυνάτου
1311 864 1462 929 oratione

331 971 498 1051 convenit,
531 971 619 1036 idem
654 970 745 1036 cadit
779 970 879 1036 'eiam
907 969 942 1035 in
970 973 1101 1035 ceteras
1129 968 1253 1051 Lysiae
1283 966 1462 1044 orationes

331 1077 418 1154 quae
454 1094 508 1140 res
542 1074 652 1139 notior
679 1079 741 1153 est,
777 1092 877 1154 quam
904 1078 942 1138 ut
970 1072 1123 1152 exempla
1146 1070 1269 1136 afferre
1297 1071 1341 1136 sit
1363 1088 1461 1152 opus;

330 1177 447 1242 videas
481 1176 586 1242 veluti
619 1174 722 1257 λόγον
749 1175 926 1258 ἐρωτικὸν,
956 1176 1012 1256 qui
1045 1175 1193 1241 insertus
1229 1178 1282 1240 ost
1309 1173 1462 1239 Platonis

329 1280 487 1345 Phaedro
501 1301 532 1361 p.
546 1285 767 1345 neoc-2340
783 1277 827 1362 (p.
845 1285 989 1344 62-102
1009 1279 1060 1344 ed.
1077 1278 1144 1344 mai
1156 1275 1322 1359 Schera),
1339 1277 1379 1342 de
1397 1296 1462 1357 quo

331 1381 488 1448 Socrates
511 1383 686 1449 verissime
710 1401 752 1448 ne
767 1383 891 1465 Lysiae
916 1381 1048 1462 quidem
1070 1382 1135 1463 ipsi
1159 1381 1226 1447 talc
1251 1381 1462 1461 eloquentiae

330 1504 436 1568 genus
471 1485 667 1552 satisfacere
700 1503 800 1566 posse
832 1486 1008 1566 propalam
1047 1484 1215 1564 enuntiat,
1255 1487 1370 1565 utpote
1405 1483 1462 1564 qui

330 1588 472 1653 eandem
494 1607 564 1654 rem
587 1588 637 1653 bis
665 1592 760 1654 terve
787 1588 993 1668 repetiverit,
1022 1587 1118 1668 quasi
1145 1587 1176 1653 ei
1204 1587 1337 1652 deesset
1365 1586 1462 1667 copia

330 1691 447 1756 eadem
470 1691 510 1756 de
534 1710 570 1756 re
593 1691 700 1756 multa
722 1690 853 1757 dicendi
876 1690 931 1756 vel
954 1691 1047 1756 nulla
1070 1690 1100 1755 ei
1123 1690 1164 1756 de
1184 1691 1247 1756 hoc
1263 1697 1352 1756 esset
1369 1709 1460 1755 cura.

329 1793 370 1858 cf.
395 1794 491 1859 Dion.
516 1794 594 1860 Hal,
624 1794 664 1861 de
687 1794 765 1877 Lys.
791 1814 817 1860 c.
844 1800 893 1860 15.
938 1795 1060 1875 Itaque
1088 1793 1252 1859 orationis
1286 1792 1461 1873 dispositio

329 1896 371 1961 ab
396 1896 467 1963 eius
490 1897 867 1982 vulgaricomponondi
881 1897 1012 1962 ratione
1028 1896 1161 1961 minime
1179 1895 1337 1961 abhorret
1352 1915 1460 1976 neque

328 2000 396 2064 ullo
418 1999 516 2065 modo
539 2004 591 2066 est
614 2000 725 2066 aliena
748 2018 770 2065 a
791 1999 915 2083 Lysiae
937 1999 1072 2082 ingenio
1096 1997 1329 2065 existimanda.

857 2202 876 2290 t
899 2137 931 2271 οξ

415 2359 479 2426 Sed
503 2358 759 2442 progrediamur
780 2360 814 2425 in
838 2361 987 2427 oratione
1010 2359 1212 2442 inquirenda
1233 2361 1374 2442 eiusque
1399 2360 1460 2425 iui-

327 2462 411 2527 tium
445 2462 718 2543 contemplemur.
776 2463 873 2546 Quod
907 2464 1071 2530 simillimo
1107 2483 1182 2530 esse
1217 2464 1458 2528 conformatum

328 2569 429 2646 atque
463 2566 498 2629 in
532 2585 578 2630 or.
601 2565 685 2630 XVI
712 2585 773 2646 pro
796 2567 982 2632 Mantithoo
1017 2568 1133 2633 habita
1161 2567 1217 2633 diu
1246 2574 1297 2632 est
1325 2587 1366 2632 en
1394 2586 1459 2647 quo

328 2669 596 2734 observaverunt
618 2669 721 2751 doeti3
751 2675 787 2736 at
809 2676 937 2752 quanta
959 2671 1148 2737 intercedat
1169 2672 1257 2737 inter
1279 2674 1459 2751 utrumque

331 2771 555 2852 necessitudo,
578 2776 616 2838 ut
639 2779 813 2855 appareat,
838 2773 988 2858 singulos
1012 2775 1102 2840 locos
1126 2791 1306 2856 apponam:

530 2979 658 3059 XXIV.
1138 2982 1233 3046 XVI.

361 3113 401 3179 οά
419 3112 552 3181 πολλοῦ
566 3113 632 3181 δέω
651 3117 752 3200 χάριν
768 3115 864 3201 ἔχειν,
960 3119 990 3182 εί
1011 3117 1060 3202 μὴ
1089 3116 1258 3202 συνῄδειν,
1287 3117 1315 3184 ὦ
1338 3115 1458 3202 βουλή,

325 3215 353 3282 ὦ
376 3215 496 3301 βουλή,
520 3224 569 3302 τῷ
597 3218 788 3303 κατηγόρῳ,
813 3218 866 3285 ὅτι
918 3225 991 3302 τοῖς
1013 3222 1219 3304 κατηγόροις
1234 3221 1459 3305 βουλομένοις

324 3340 384 3402 μοι
407 3320 642 3401 παρεσκεύασε
665 3320 728 3386 τὸν
748 3321 865 3404 ἀγῶνα
918 3322 955 3387 έκ
971 3323 1106 3405 παντὸς
1121 3325 1256 3406 τρδττου
1271 3329 1388 3406 κακῶς
1400 3325 1459 3408 ἐμὲ

324 3424 475 3488 τουτονί.
520 3424 691 3506 πρότερον
714 3422 777 3506 γάρ
801 3425 864 3491 οὐκ
918 3432 1040 3506 ποιεῖν,
1086 3424 1220 3512 πολλὴν
1259 3427 1302 3493 ἂν
1340 3428 1459 3509 αὐτοῖς

324 3523 412 3608 ἔχων
441 3525 619 3608 ιτρδφασιν
647 3527 699 3610 ἐφ’
733 3526 774 3610 ἦς
801 3531 863 3593 τοῦ
915 3529 1016 3613 χάριν
1043 3530 1133 3613 είχον
1161 3531 1292 3615 ταύτης
1314 3538 1377 3616 τῆς
1400 3554 1459 3596 κα-

323 3626 400 3710 βίου
428 3626 531 3709 λόγον
559 3627 666 3713 δοίην,
697 3631 775 3695 νυνί
808 3628 864 3695 διά
918 3635 1088 3717 τηγορίας·
1124 3635 1272 3718 ἡγοῦμαι
1299 3635 1361 3718 γὰρ
1385 3641 1458 3716 τοῖς

323 3734 450 3796 τοῦτον
472 3729 607 3816 εἴληφα.
918 3734 1047 3818 άδίκως
1074 3734 1355 3824 διαβεβλημένοις
1381 3739 1459 3804 τού-

917 3861 1001 3921 τους
1023 3840 1112 3905 είναι
1126 3843 1296 3924 μεγίστων
1313 3841 1459 3925 άγαδῶν

917 3943 1058 4025 αἰτίους,
1094 3943 1218 4026 οἵτινες
1253 3944 1295 4011 ἂν
1329 3945 1458 4028 αὐτοὺς

916 4044 1155 4128 ἀναγκάζωσιν
1171 4049 1220 4129 είς
1235 4047 1370 4132 ἔλεγχον
1387 4053 1458 4115 τῶν

916 4148 1035 4231 αὐτοῖς
1083 4148 1306 4233 βεβιωμένων
1354 4172 1459 4217 κατα-

914 4258 1046 4337 στῆναι.
