3284 4956
676 295 891 383 ...31-

219 504 351 588 (iterum
382 505 588 573 antitheseos
616 507 798 573 membrum
826 507 978 573 ultimum
1007 505 1149 587 amplius
1174 510 1227 572 cst
1250 524 1350 586 quam

221 607 476 692 antecedentia).
524 608 645 675 Omnia
680 609 840 676 eiusmodi
869 610 1022 689 exempla
1050 616 1083 674 et
1112 609 1295 675 dicolorum
1318 612 1352 673 et

221 713 411 779 tricolorum
429 730 558 778 summa
575 732 656 779 cura
672 713 839 797 congessit
855 713 1035 797 Berbigius
1052 713 1084 777 in
1101 717 1350 797 programmate

221 836 324 898 supra
357 815 506 895 laudato,
541 816 661 896 quibus
696 817 849 897 equidem
884 816 970 882 addo
1004 817 1165 882 nonnulla
1192 835 1232 881 ex
1260 813 1351 898 λόγῳ

220 919 375 1004 ἐρωτικῷ
398 920 512 1000 petita.
559 919 623 1000 Qui
648 939 756 985 sermo
771 920 969 986 'amatorius
993 919 1094 1003 vulgo
1116 920 1215 1000 plane
1239 919 1352 1002 negle-

222 1024 311 1108 gitur
339 1043 359 1090 a
391 1023 497 1089 doctis
532 1023 566 1088 in
601 1024 713 1104 specie
749 1024 872 1106 Lysiae
908 1023 1068 1089 orationis
1104 1022 1352 1101 adumbranda;

222 1134 334 1194 tamen
358 1145 433 1192 cum
457 1145 523 1191 non
546 1145 664 1207 parum
694 1145 754 1192 nos
781 1145 880 1207 posse
905 1145 946 1192 ea
968 1126 1002 1190 in
1026 1145 1062 1191 re
1087 1126 1248 1192 adiuvare
1274 1126 1351 1190 mihi

222 1231 356 1312 quidem
377 1247 576 1311 persuasum
601 1235 660 1295 est.
706 1230 746 1294 ci.
771 1250 801 1310 p.
827 1236 940 1295 Sea-³1
969 1227 1139 1313 (Schann.)

405 1421 421 1484 Ι
462 1389 468 1464 ι
493 1389 521 1433 a.
557 1366 598 1432 οὐ
622 1369 687 1452 τὴν
710 1373 891 1451 παροῦσαν
916 1407 955 1413 -
980 1371 1168 1452 συνέσομοί
1190 1388 1252 1433 σοι.

425 1471 431 1484 “
462 1466 521 1559 Η).
559 1468 647 1536 ἀλλὰ
670 1473 728 1536 καὶ
750 1509 792 1516 -
816 1470 966 1537 ἔσεσθαι.

387 1647 422 1711 Π
461 1604 522 1682 ta.
558 1591 683 1676 οὐχ-
707 1593 915 1676 ἡττώμενος.

424 1697 430 1711 “
459 1705 466 1776 i
492 1697 522 1762 b.
559 1695 639 1761 ἀλλ’
661 1697 814 1780 ἐμαυτοῦ
838 1702 987 1779 κρατῶν.

366 1871 422 1937 HI
460 1829 466 1916 ς
493 1838 523 1884 a.
558 1816 639 1883 οὐδὲ
661 1857 704 1865 -
726 1818 986 1902 ἀναιρούμενος.

425 1924 431 1937 ’
458 1922 465 2012 i
492 1923 522 1987 b.
558 1919 711 1987 ἀλλὰ-
733 1921 952 2005 ποιούμενος.

267 2097 298 2158 p.
324 2084 456 2144 916-27.

768 2150 800 2214 A

496 2272 525 2319 a.
561 2252 602 2318 οὐ
625 2259 698 2334 τοῖς
722 2252 858 2336 σφόδρα
880 2289 922 2298 -
943 2250 1155 2336 χαρίζεσθαι.

408 2306 435 2370 I'
493 2355 524 2421 b.
561 2353 648 2420 ἀλλὰ
670 2395 720 2403 --
737 2354 951 2439 δυναμένοις.

497 2498 526 2544 a.
562 2476 643 2543 οὐδὲ
666 2516 707 2523 -
730 2483 978 2561 προσαιτοῦσιν
1000 2480 1121 2562 μόνον.

389 2529 435 2596 Π·
497 2582 527 2647 ι.
564 2580 651 2647 τινὰ
674 2619 717 2628 -
740 2581 856 2664 ιξιιις.

496 2722 525 2768 a.
561 2700 641 2768 οὐδὲ
664 2739 705 2747 -
730 2701 1000 2768 ἀπολαύσονται.

494 2806 523 2871 b.
559 2803 647 2871 ἀλλὰ
671 2843 711 2851 -
733 2805 1003 2890 μεταδώσουσιν.

774 2928 802 2992 Β

410 3083 427 3147 Ι
467 3047 528 3134 ta.
564 3028 644 3095 οὐδὲ
666 3066 708 3075 -
732 3028 1029 3114 φιλοτιμήσοντοι.

430 3135 436 3147 ’
466 3133 526 3222 Η).
562 3130 649 3197 ἀλλὰ
671 3169 714 3178 -
737 3135 983 3217 σιωπήσονται.

369 2755 433 2820 ΙΙΙ.

391 3306 428 3371 Π
467 3281 473 3360 ι
498 3273 528 3320 a.
564 3253 644 3321 οὐδὲ
667 3291 708 3299 -
732 3253 997 3336 σπουδάζουσιν.

430 3358 436 3372 “
468 3365 473 3454 t
499 3360 529 3426 b.
564 3357 652 3424 ἀλλὰ
674 3397 717 3404 -
740 3359 926 3443 ἐσομένοις.

371 3532 426 3596 ΠΙ
466 3487 472 3567 t
497 3499 526 3546 a.
562 3478 643 3546 οὐδὲ
666 3516 707 3526 -
731 3479 946 3565 ζητήσουσιν.

429 3583 436 3596 ”
466 3573 473 3658 i
496 3584 527 3649 b.
562 3581 715 3648 ἀλλὰ-
738 3582 976 3666 ἐνιιὸείξοντοι.

312 3721 463 3806 Effulget
491 3742 531 3788 ex
559 3723 611 3790 his
640 3728 810 3789 auctorem
839 3730 974 3790 nostrae
998 3723 1161 3790 orationis
1185 3722 1268 3789 adeo
1292 3742 1358 3788 non

228 3824 451 3907 simplicitatis
480 3833 512 3891 ct
540 3828 724 3893 communis
752 3827 908 3908 loquendi
932 3826 1184 3894 consuetudinis
1216 3827 1359 3908 specium

228 3946 310 4007 prae
337 3947 373 3994 se
398 3929 494 4011 ferre,
524 3936 562 3996 ut
589 3936 707 3997 contra
734 3950 801 3996 non
834 3933 990 4015 exiguum
1020 3931 1195 4015 magnifice
1225 3932 1358 4014 elegan-

228 4035 346 4112 terque
374 4033 540 4099 scribendi
569 4040 732 4116 appareat
767 4035 912 4100 studium
942 4041 1099 4115 totusque
1123 4034 1226 4115 spiret
1250 4052 1360 4099 sermo

229 4136 446 4202 vehementer
480 4143 585 4204 artem
620 4139 831 4204 rhetoricam.
888 4137 1015 4203 Eadem
1049 4137 1205 4203 lenocinii
1238 4136 1360 4201 instru-

229 4246 342 4306 menta
375 4241 409 4305 in
444 4241 598 4324 genuinis
626 4243 749 4325 Lysiae
784 4242 991 4306 orationibus
1021 4241 1244 4308 usitatissima
1272 4249 1359 4320 sunt,
