3284 4956
742 350 960 410 ..13-

285 553 350 614 quo
367 553 403 599 se
419 534 597 618 iugularat.
632 533 775 614 Etenim,
789 539 826 600 ut
840 535 874 599 in
888 530 1088 618 §4uberius
1105 534 1256 615 exposui,
1269 534 1417 614 pessima

284 637 318 702 in
347 636 534 702 conditione
560 635 764 702 versabatur
788 636 959 702 invalidus
989 655 1029 700 ac
1056 637 1195 701 multum
1225 638 1351 717 aberat,
1380 642 1417 703 ut

284 742 352 807 ullo
373 745 490 821 posset
513 745 611 821 pacto
639 739 750 806 facere
778 739 916 820 planum
946 756 985 803 ac
1013 739 1156 819 probare
1185 747 1417 807 accusatorem

284 849 419 925 praeter
443 862 585 923 aequum
610 849 643 907 et
665 843 788 908 bonum
815 862 851 909 se
874 860 969 908 reum
996 841 1126 908 fecisse.
1174 843 1317 924 Appono
1341 846 1371 909 h.
1397 844 1415 909 l.

284 948 389 1013 verba
404 947 533 1026 Baurii‚
558 965 644 1027 quae
668 965 806 1028 prorsus
829 964 904 1010 mea
920 944 1017 1024 facio,
1035 965 1175 1026 quorum
1191 966 1272 1012 vero
1289 949 1416 1014 anullo

285 1051 395 1116 adhuc
418 1051 515 1116 docto
536 1051 701 1116 rationem
717 1069 792 1116 esse
808 1049 954 1114 habitam
972 1048 1149 1114 admiratio
1165 1050 1254 1116 subit
1271 1052 1415 1117 animum

286 1174 395 1219 meum
430 1154 476 1236 (in
511 1172 662 1218 convers,
687 1173 787 1237 germ.
813 1153 935 1237 Stuttg.
966 1158 1048 1218 1868
1077 1153 1142 1218 vol.
1167 1154 1244 1220 ΙΙΙ2
1271 1175 1302 1236 p.
1326 1154 1417 1238 346):

285 1262 380 1339 „dass
403 1277 517 1322 casem
539 1257 614 1322 rede
635 1256 693 1337 fiir
715 1255 785 1323 eice
808 1255 905 1322 blosse
925 1255 1146 1341 ucbuupsrcdc
1160 1257 1344 1324 ocatsehec
1365 1258 1416 1340 c'st,

288 1361 339 1427 dc'c
360 1361 452 1428 nicht
472 1359 616 1427 urirldc'ch
637 1361 787 1445 pelechen
808 1361 947 1441 worden,
970 1359 1052 1425 urird
1073 1359 1164 1426 nicht
1185 1381 1416 1446 ocpcuommcu

284 1467 411 1532 wacca
438 1465 576 1545 thucca,
606 1465 648 1530 du
677 1463 763 1546 abac,
787 1485 890 1544 wenc,
913 1463 971 1528 ade
999 1485 1029 1528 es
1053 1464 1110 1529 dor
1130 1463 1192 1544 foll
1213 1485 1352 1549 parason
1374 1486 1417 1530 au

285 1568 353 1635 scc'rc
380 1567 511 1650 schciut,
535 1569 592 1633 der
620 1567 677 1633 mit
704 1569 774 1633 dccc
801 1567 937 1633 calcate
963 1566 1069 1632 sciucr
1095 1572 1344 1653 ucimstdtancp
1367 1568 1417 1633 he·

286 1673 395 1738 drohtc
417 1671 563 1755 sprecher
585 1671 663 1738 viclo
686 1670 948 1756 unpraffspuclcte
967 1671 1039 1756 pub,
1064 1670 1115 1736 die
1140 1671 1199 1738 ihu
1227 1672 1283 1737 aa
1305 1676 1419 1737 autom

285 1781 439 1860 stc'itaunp
471 1775 561 1841 nicht
592 1773 718 1860 wrirdc'p
750 1773 901 1840 schemen
936 1772 1057 1855 diessen,
1087 1775 1142 1840 der
1171 1774 1328 1855 amfusscr
1362 1776 1419 1840 der·

285 1879 597 1965 vareicipaapsredo
618 1878 758 1964 planceo
781 1879 907 1960 tonate,
930 1900 973 1943 cn
1000 1877 1126 1944 sotadeo
1152 1876 1270 1961 cuoffen
1290 1876 1416 1963 pacifera

285 2005 327 2048 aa
352 1983 511 2048 miissac.“
557 1982 781 2063 Quamobrem
805 1982 889 2048 adeo
913 2001 977 2047 non
1002 1982 1104 2048 habet
1127 2001 1177 2046 me
1201 1981 1334 2062 quidem
1359 1981 1416 2046 ad-

286 2086 499 2166 stipulantem
524 2087 699 2166 Brunsius,
716 2086 744 2150 si
768 2105 798 2166 p.
815 2091 879 2150 463
902 2085 981 2150 dicit
1005 2085 1096 2164 „der
1119 2084 1326 2150 verfassor
1349 2084 1419 2150 der

286 2196 336 2255 24.
372 2190 466 2255 rede
504 2191 571 2254 hat
608 2190 671 2254 ein
708 2189 746 2252 in
792 2189 925 2254 seiner
962 2195 1024 2253 art
1062 2187 1419 2273 wohlgelungenes

287 2296 402 2360 stiick
426 2295 464 2358 in
488 2294 760 2375 lysianischer
783 2292 935 2357 manier
958 2312 1004 2356 zu
1027 2291 1170 2356 stando
1188 2291 1417 2375 gebracht“,

286 2403 323 2463 ut
345 2405 463 2462 contra
486 2397 573 2461 hanc
596 2397 792 2476 orationem,
809 2396 836 2460 si
860 2414 896 2459 re
913 2414 995 2460 vera
1016 2395 1131 2460 habita
1147 2413 1211 2460 non
1230 2400 1289 2475 est,
1306 2393 1415 2477 frigidi

286 2501 458 2566 cuiusdam
484 2501 653 2582 sophistae
678 2500 873 2580 opusculum
891 2499 1110 2564 miserrimum
1127 2504 1160 2563 et
1176 2499 1264 2563 omni
1279 2515 1414 2578 prorsus

287 2624 402 2669 carere
426 2623 526 2669 sensu
551 2609 584 2668 ot
607 2604 846 2685 perspicuitate
871 2603 957 2668 omni
983 2602 1219 2668 affirmaverim
1243 2618 1414 2667 assevera-

285 2707 385 2774 tione.
431 2709 537 2772 Nemo
566 2708 652 2772 enim
683 2725 764 2772 sano
792 2706 915 2772 iudicio
943 2706 1046 2770 talem
1070 2705 1112 2771 ad
1136 2723 1285 2785 oausam,
1308 2703 1416 2785 qualis

286 2811 470 2889 exhibetur,
494 2809 768 2890 pertractandam
783 2845 826 2854 -
842 2808 1091 2874 exercitationis
1115 2827 1220 2874 causa
1234 2844 1277 2852 —
1293 2807 1416 2872 habere

286 2919 399 2994 potest
422 2914 533 2980 stilum
558 2913 722 2992 venalem,
739 2912 772 2976 id
789 2911 876 2992 quod
901 2929 968 2976 non
985 2931 1100 2977 verum
1117 2930 1192 2977 esse
1209 2930 1275 2976 non
1290 2910 1417 2992 poteris
1446 2972 1448 2976 .

287 3037 325 3082 eo
349 3017 590 3097 demonstrare,
614 3016 702 3097 quod
727 3017 813 3081 hanc
836 3015 1081 3081 oratiunculam
1103 3033 1140 3079 re
1165 3034 1246 3080 vera
1270 3014 1418 3080 habitam

287 3139 361 3186 esse
387 3120 549 3185 concedis.
595 3119 714 3185 Laudo
743 3120 845 3203 igitur
872 3118 1026 3200 equidem
1054 3119 1142 3184 hunc
1167 3118 1419 3198 „imitatorern“,

289 3243 353 3302 quo
378 3242 474 3287 nemo
497 3242 548 3287 me
572 3222 681 3287 iudice
710 3223 953 3303 expressiorem
981 3221 1109 3287 effinxit
1136 3220 1262 3304 ingenii
1285 3221 1421 3304 Lysiaci

287 3327 480 3409 imaginem,
498 3325 627 3407 atquin
645 3326 850 3391 detrahimus
869 3325 1086 3406 „imitatoris“
1104 3324 1205 3405 capiti
1221 3324 1421 3405 personam?

287 3467 325 3476 -
352 3449 428 3495 ecce
453 3446 619 3513 agnosces
643 3429 782 3511 Lysiam
804 3429 926 3508 ipsum!

374 3536 445 3599 Nec
468 3552 534 3598 non
557 3531 828 3614 perpendendum
851 3539 903 3597 est
927 3533 1120 3611 orationem,
1137 3531 1178 3597 de
1195 3549 1262 3612 qua
1278 3531 1419 3613 agimus,

287 3645 458 3719 tamquam
486 3638 580 3702 firmo
608 3636 766 3702 historico
795 3640 1061 3716 superstructam
1090 3653 1163 3700 esse
1187 3634 1420 3699 fundamento:

287 3741 326 3805 In
351 3736 370 3825 ξ
388 3747 427 3806 25
445 3747 560 3806 orator
583 3740 626 3805 ad
642 3739 910 3805 benevolentiam
927 3739 1071 3804 iudicum
1097 3737 1157 3804 sibi
1177 3737 1419 3803 conciliandam

287 3853 480 3912 senatorum
505 3844 633 3910 reducit
656 3845 690 3908 in
706 3843 898 3910 memoriam
916 3862 963 3923 sc,
979 3862 1054 3908 cum
1071 3842 1210 3925 triginta
1226 3842 1289 3905 viri
1306 3848 1420 3924 tyran·

287 3948 397 4014 nidem
426 3947 681 4027 affectaverant,
710 3965 784 4012 cum
814 3946 935 4012 ceteris
964 3945 1208 4010 democratibus
1237 3944 1270 4009 in
1305 3944 1421 4010 urbem

290 4051 481 4118 Chalcidem
507 4051 689 4116 Euboicam
713 4051 882 4116 exulatum
908 4049 1039 4115 abiisse.
1088 4051 1175 4113 Ante
1205 4049 1317 4114 omnia
1342 4067 1421 4112 vero

290 4156 424 4242 egregie
448 4154 605 4220 docemur
628 4151 668 4218 dc
689 4172 772 4220 cura
787 4151 972 4218 ἀδυνάτων
987 4152 1135 4233 publica:
1159 4152 1282 4218 scimus
1297 4152 1421 4234 Lysiae

287 4259 494 4342 temporibus
511 4256 713 4337 stipendium
729 4256 934 4338 pauperihus
952 4263 985 4322 et
999 4255 1161 4322 mutilatis
1179 4255 1309 4323 civibus
1325 4273 1421 4337 prae-
