3284 4956
726 350 944 410 ..14-

269 532 398 613 onibus,
426 533 537 614 potius
562 532 706 598 credatis
733 533 778 612 id,
806 533 902 613 quod,
921 533 955 596 in
983 537 1138 614 promptu
1166 535 1218 598 est
1241 532 1401 612 positum:

269 636 410 701 cerritus
435 640 488 701 est
511 653 572 699 nec
595 653 700 701 sanae
723 636 844 702 mentis
862 654 997 717 compos
1020 653 1127 716 neque
1151 634 1289 716 perinde
1313 635 1401 715 sapit

269 757 309 803 ac
331 757 404 819 vos,
438 739 471 804 in
501 757 566 818 quo
595 742 687 804 recte
714 739 805 818 facit,
840 757 918 805 nam
946 738 1068 823 dignus
1097 744 1149 804 est
1177 739 1233 819 qui
1262 737 1400 804 anobis

267 841 455 908 dissentiat.
502 842 590 925 Quid
618 842 725 907 enim?
760 841 778 906 ὁ
801 841 865 925 μὲν
892 841 955 923 γὰρ
979 841 1096 924 ὥσπερ
1120 839 1309 924 ἐπικλήρου
1337 847 1399 925 τῆς

267 949 451 1029 σσμφσράς
474 944 579 1029 οὔσης
603 943 879 1029 ἀμφισβητήσων
901 945 975 1029 ἥκει
1002 982 1045 988 -
1072 963 1159 1025 quae
1186 945 1291 1010 verba
1318 945 1400 1010 mul-

267 1053 338 1115 tum
372 1049 595 1115 exhibuerunt
629 1048 755 1131 negotii
783 1048 864 1113 viris
892 1048 1009 1114 doctis.
1055 1047 1096 1113 cl.
1120 1049 1241 1113 Bruns.
1266 1067 1296 1128 p.
1320 1053 1398 1113 463:

267 1154 391 1232 „Dass
413 1153 499 1218 hier
519 1153 621 1218 alles
643 1151 788 1217 darauf
809 1152 997 1236 angelegt
1016 1151 1083 1231 ist,
1107 1151 1222 1216 einen
1243 1150 1398 1217 scherz-

267 1256 405 1321 haften
441 1256 548 1321 alten
584 1256 668 1322 sich
696 1255 843 1339 drollig
870 1253 1135 1335 producieren
1169 1274 1215 1319 nu
1247 1255 1397 1332 lescen,

265 1359 405 1441 zeigen
429 1357 472 1441 ja
500 1360 622 1425 sehon
650 1358 712 1423 die
736 1357 922 1440 Angrilfe
951 1357 1019 1422 auf
1045 1356 1118 1423 den
1147 1358 1301 1440 kl'ager‚
1329 1357 1398 1423 der

265 1462 348 1527 dem
384 1462 673 1546 missgeschick
711 1461 779 1527 des
813 1461 1019 1526 invaliden
1055 1461 1124 1526 wie
1164 1461 1273 1526 einer
1311 1461 1397 1526 erb-

264 1566 421 1630 tochter
467 1563 719 1629 nachstellt.“
778 1583 809 1644 p.
844 1568 922 1629 462:
974 1582 1039 1643 „es
1086 1563 1174 1630 sind
1219 1564 1396 1629 bilhncn-

265 1667 471 1752 angriiie.“
509 1666 584 1748 Qua
599 1668 632 1731 in
648 1687 684 1732 re
701 1686 752 1732 me
770 1667 903 1748 quidem
919 1686 986 1731 non
1002 1668 1104 1732 habet
1120 1667 1395 1748 adstipulantem:

262 1773 361 1838 immo
384 1772 420 1836 iu
436 1771 667 1836 enuntiatione
692 1770 768 1850 „ille
789 1770 830 1835 de
846 1774 1011 1854 συμφορᾷ
1027 1789 1156 1836 mecum
1173 1775 1210 1835 ut
1226 1770 1265 1836 de
1282 1771 1396 1852 puella

262 1873 439 1958 ἐπικλήρῳ
475 1874 606 1958 litigat‘
641 1874 753 1954 lepida
791 1874 871 1938 mihi
904 1873 1038 1939 videtur
1069 1874 1182 1940 inesse
1222 1873 1394 1958 allegoria,

262 1979 356 2044 cuius
384 1979 552 2044 sententia
588 1981 641 2044 est
664 1978 761 2043 haec:
791 1981 969 2044 accusator
995 1977 1038 2043 ad
1060 1977 1093 2043 id
1115 1996 1319 2061 progressus
1344 1982 1394 2042 est

260 2082 498 2163 impudentiae,
534 2086 571 2147 ut
604 2081 682 2146 mihi
716 2100 757 2146 ne
791 2082 825 2146 id
856 2081 987 2162 quidem
1015 2081 1189 2162 permittat
1217 2081 1305 2162 quod
1333 2081 1392 2146 sim

261 2185 402 2251 claudus
427 2189 461 2249 et
484 2185 612 2264 debilis,
636 2185 695 2250 sed
712 2184 830 2250 dehoc
846 2185 941 2265 quasi
967 2189 1007 2250 de
1024 2204 1060 2249 re
1077 2184 1191 2264 aliqua
1207 2185 1394 2266 expetenda

260 2292 396 2354 moveat
418 2288 520 2368 litem,
547 2294 718 2368 tamquam
747 2307 788 2352 ex
815 2289 878 2352 hac
901 2289 1094 2352 calamitate
1121 2289 1260 2353 multum
1283 2289 1390 2369 possit

261 2391 336 2471 capi
352 2391 564 2456 emolumenti
586 2391 608 2456 i.
627 2412 654 2456 e.
672 2395 853 2456 accusator
867 2391 997 2456 invidet
1012 2391 1101 2471 mihi,
1125 2391 1212 2472 quod
1230 2392 1392 2473 accipiam

259 2513 302 2558 en
330 2494 462 2560 aerario
493 2494 634 2575 obolum,
668 2513 766 2574 quem
798 2495 870 2574 ipse
898 2495 1112 2575 concupiscit.
1159 2495 1200 2560 cf.
1224 2492 1242 2578 ξ
1268 2503 1306 2561 13
1334 2498 1392 2560 καὶ

259 2596 351 2678 ὑμᾶς
385 2596 469 2679 ἐμοῦ
503 2595 568 2680 μὲν
602 2593 794 2680 ἀφελέσθαι
828 2595 889 2660 σὸν
924 2594 1050 2678 ὀβολὸν
1085 2597 1133 2678 ὡς
1165 2597 1390 2679 ὑγιαίνοντος,

259 2700 373 2782 τούτῳ
408 2697 445 2764 ἀὲ
473 2698 699 2782 φηφίσασάαι
726 2699 863 2780 πάντας
891 2699 939 2780 ὡς
967 2698 1147 2783 ἀναπήρῳ.
1194 2701 1313 2782 Itaque
1341 2702 1392 2767 his

259 2804 371 2870 verbis
395 2822 502 2870 causa
519 2802 670 2883 affertur,
693 2823 761 2884 qua
785 2809 967 2868 commotus
991 2803 1045 2868 ille
1061 2804 1245 2869 invalidum
1267 2805 1391 2870 iniuria

259 2925 295 2972 se
319 2907 354 2972 in
389 2904 573 2971 ἀδυνάτων
606 2906 741 2972 tabulas
764 2906 954 2972 insinuasse
977 2905 1196 2986 indicaverat,
1220 2908 1314 2972 utin
1336 2906 1388 2992 §1

258 3008 314 3074 ἀιά
336 3009 398 3093 γὰρ
424 3008 524 3074 οὐδὲν
545 3006 628 3074 ἀλλο
644 3030 705 3092 μοι
728 3008 824 3074 ἀσκεῖ
846 3009 1108 3091 παρασκευάσαι
1123 3008 1223 3075 novoe
1245 3032 1306 3093 μοι
1328 3010 1390 3076 σὸν

257 3111 421 3178 κίσάσνον
445 3112 548 3194 οὗτος
571 3113 593 3197 ἢ
617 3111 673 3178 ἀιά
696 3111 845 3197 φθόνον.
881 3109 946 3198 §a
974 3111 1041 3197 ἤδη
1065 3115 1193 3193 τοίνυν,
1218 3113 1246 3179 ὦ
1268 3112 1388 3199 βουλή,

257 3214 362 3300 ἀῆλός
384 3217 456 3281 ἐσσι
478 3215 637 3300 φθονῶν,
661 3215 715 3281 ὅσι
737 3214 810 3281 κτλ.

345 3318 470 3401 Sponte
498 3319 705 3402 intellegitur
731 3324 862 3384 tantum
891 3320 1020 3400 abesse,
1049 3327 1085 3385 ut
1113 3321 1196 3387 talia
1223 3321 1265 3387 ab
1290 3340 1388 3388 accu-

255 3429 368 3490 satore
391 3424 524 3504 prolata
548 3421 683 3502 luerint,
706 3426 887 3488 utcontra
910 3423 997 3488 hanc
1020 3441 1095 3490 esse
1112 3424 1339 3490 insulsitatem
1356 3432 1389 3491 et

253 3527 444 3593 fatuitatem
468 3531 643 3608 appareat,
668 3545 754 3607 quae
779 3545 845 3592 non
868 3526 977 3610 magis
1002 3532 1054 3594 cst
1077 3529 1230 3594 veritatis
1253 3529 1387 3614 pignus

255 3650 355 3712 quam
390 3631 478 3711 quod
512 3631 634 3696 dicitur
666 3631 701 3696 in
736 3626 797 3715 §9
833 3631 873 3696 de
908 3631 1066 3715 choregia
1101 3638 1134 3697 et
1163 3632 1197 3696 in
1226 3627 1245 3715 ξ
1270 3637 1310 3697 13
1346 3632 1387 3698 de

254 3735 452 3799 archontum
475 3753 621 3799 munere.
667 3735 764 3799 Haec
788 3738 899 3800 autem
924 3735 1036 3800 omnia
1055 3735 1232 3800 mendacia
1247 3753 1329 3800 sane
1347 3755 1388 3800 ea

253 3836 463 3917 proloquitur
486 3836 527 3901 de
551 3855 665 3916 causa,
690 3835 777 3916 quod
793 3856 860 3901 non
875 3836 976 3901 habet
992 3837 1103 3923 idonei
1118 3837 1197 3918 quid
1219 3837 1263 3902 ad
1287 3857 1385 3904 accu-

253 3940 377 4006 satoris
401 3939 540 4005 erimina
557 3939 725 4006 diluenda.
759 3941 831 4005 Neo
854 3960 921 4005 non
944 3940 1061 4007 eadem
1085 3960 1224 4022 prorsus
1248 3941 1385 4008 fraudu·

251 4045 344 4110 lenta
377 4043 507 4108 ratione
541 4043 709 4109 instructa
742 4047 835 4124 sunt,
875 4063 961 4125 quae
996 4051 1209 4126 opponuntur
1241 4043 1384 4128 ὕβρεως,

251 4145 339 4230 βίας,
364 4144 539 4228 ἀσελγείας
560 4147 763 4213 incusationi
787 4143 899 4230 (§15)‚
923 4167 1023 4228 quam
1046 4149 1167 4214 iterum
1189 4168 1250 4230 per
1272 4150 1385 4214 τόσον

252 4251 418 4332 quendam
446 4247 564 4314 κοινὸν
592 4251 747 4316 dissolvit
774 4251 837 4316 hoc
864 4251 975 4317 modo:
1010 4252 1181 4318 Mendicos
1208 4254 1298 4319 haud
1334 4258 1385 4319 est
