3284 4956
694 356 911 416 ..15-

235 540 499 602 consentaneum
527 536 683 603 lascivire
712 536 772 604 sed
799 537 930 604 divites·
948 558 1057 620 neque
1091 540 1211 620 quibus
1245 559 1368 622 corpus

236 643 288 703 est
301 638 513 720 imbecillum,
531 639 590 705 sed
606 641 661 720 qni
679 640 851 706 confidunt
865 641 993 707 viribus
1009 642 1091 722 suis,
1107 662 1215 723 neque
1232 644 1369 710 senibus

236 741 294 806 sed
329 741 610 808 adulescentibus.
664 743 719 808 Ad
753 745 842 809 hunc
876 745 1118 811 sententiarum
1153 765 1368 830 progressum

234 844 405 926 pertinent
416 845 517 911 etiam
530 846 717 926 sequentia,
730 847 762 911 in
776 846 898 926 quibus
910 849 1101 914 summatim
1119 849 1368 931 universimque

235 947 316 1013 facit
352 948 458 1014 verba
494 948 663 1016 invalidus
702 955 803 1030 atque
840 948 1007 1015 iudicibus
1046 950 1160 1016 studet
1197 952 1368 1017 inculcare

236 1051 424 1132 opinionem
451 1051 656 1134 pauperibus
686 1052 775 1117 nullo
803 1071 903 1132 posse
938 1053 1010 1117 iure
1046 1054 1300 1134 protervitatem
1335 1060 1368 1120 et

234 1154 444 1220 rixositatem
461 1142 674 1236 enprobrari.¹
707 1154 831 1236 Quare,
845 1161 1110 1239 argumentatur,
1124 1157 1264 1223 erimina
1280 1177 1366 1239 quae

234 1256 268 1320 in
291 1277 343 1322 me
366 1258 523 1324 miserum
548 1264 580 1324 et
603 1277 787 1340 pauperem
803 1259 956 1324 coniecta
971 1265 1059 1339 sunt,
1075 1267 1113 1325 ut
1128 1260 1312 1327 falsissima
1336 1268 1369 1326 et

234 1360 382 1426 absurda
403 1361 439 1427 in
455 1362 568 1428 oculos
586 1361 680 1427 vobis
696 1362 880 1427 incurrunt.
917 1361 1060 1428 Omnino
1077 1382 1141 1429 non
1160 1365 1247 1430 serio
1264 1383 1367 1447 agere

234 1463 367 1530 videtur
395 1471 583 1546 accusator,
611 1466 670 1531 sed
697 1466 802 1531 iocari
830 1485 892 1532 nec
920 1467 1063 1548 denique
1091 1467 1123 1531 id
1160 1473 1302 1549 spectat,
1331 1473 1368 1534 ut

234 1567 335 1633 talem
360 1570 493 1649 qualem
517 1569 665 1635 affirmat
691 1589 742 1635 me
771 1589 845 1636 esse
870 1570 964 1635 vohis
988 1570 1202 1652 persuadeat,
1226 1572 1283 1636 sed
1309 1572 1368 1655 ἐμὲ

234 1669 416 1753 κωμῳδεῖν
443 1670 657 1756 βουλόμενος
684 1672 858 1754 ὡσπερεί
885 1671 993 1737 καλὸν
1021 1677 1143 1738 ποιῶν.
1195 1673 1304 1755 Quam
1340 1675 1368 1740 si

234 1773 493 1841 confutationem
518 1776 561 1841 ad
584 1777 762 1842 obrussam
786 1775 961 1860 exigimus,
984 1795 1025 1841 ne
1049 1777 1107 1857 pili
1135 1777 1269 1857 quidem
1292 1796 1365 1842 eam

233 1877 444 1958 pendendam
472 1897 547 1945 esse
575 1880 632 1944 vix
661 1885 711 1945 est
740 1879 827 1959 quod
855 1898 1017 1945 moneam.
1069 1880 1188 1946 Latius
1219 1881 1368 1961 loquitur

233 1986 357 2062 orator,
385 2001 460 2047 oum
493 1983 680 2048 firmissime
714 1981 886 2048 contendit
917 1983 1167 2064 pauperrimum
1202 2003 1365 2065 quemque

232 2085 501 2152 honestissimum
525 2093 557 2152 et
582 2087 864 2168 spectatissimum
889 2105 973 2167 esse,
990 2086 1129 2167 proinde
1152 2088 1250 2168 quasi
1274 2089 1365 2154 nullo

232 2190 338 2270 possit
361 2191 433 2256 fieri
456 2191 563 2271 modo,
587 2196 623 2256 ut
646 2192 743 2274 egeni
767 2196 799 2256 et
813 2191 967 2256 imbecilli
985 2209 1117 2271 quoque
1134 2192 1365 2257 contumeliosi

232 2293 335 2359 rixosi
357 2295 496 2359 violenti
518 2296 711 2375 petulantes
735 2295 810 2360 sint.
846 2293 1003 2360 Ceterum
1027 2295 1212 2360 attentione
1229 2294 1366 2378 dignum

234 2402 286 2461 est
313 2398 401 2479 quod
429 2398 599 2464 invalidus
627 2399 660 2462 in
685 2403 757 2464 tota
780 2398 983 2464 refutatione
1006 2394 1025 2480 ξ
1050 2401 1175 2462 15-13
1199 2418 1238 2463 ne
1263 2399 1366 2464 verbo

233 2499 365 2580 quidem
388 2499 467 2583 βίας
490 2506 524 2566 et
546 2498 721 2584 ἀσελγείας
744 2502 807 2567 sibi
830 2501 959 2566 crimini
982 2501 1137 2566 datarum
1157 2501 1259 2566 infert
1274 2521 1366 2566 men-

232 2604 356 2669 tionem
371 2641 413 2649 —
429 2605 563 2670 minime
580 2605 696 2670 mirum
713 2605 746 2669 id
764 2605 911 2686 quidem:
935 2624 1012 2670 nam
1029 2624 1094 2685 quo
1111 2603 1246 2670 tandem
1268 2605 1365 2671 modo

233 2707 397 2786 potuisset
419 2727 454 2774 se
478 2727 626 2791 purgare
649 2708 690 2774 de
714 2706 869 2790 ἀσελγείᾳ
891 2708 1105 2773 tabernarius
1134 2713 1167 2773 et
1194 2708 1280 2789 leno,
1309 2710 1365 2789 qui

233 2810 350 2888 procul
373 2811 471 2877 dubio
494 2812 795 2894 perditissimorum
818 2812 977 2878 utebatur
992 2811 1234 2877 consuetudine
1251 2831 1365 2892 quem-

233 2931 297 2991 que
331 2932 533 2995 propensum
568 2915 707 2981 abiectis
742 2915 929 2981 hominibus
963 2915 1138 2980 libidinum
1169 2914 1273 2980 luisse
1306 2915 1364 2980 ad·

232 3015 418 3082 ministrum
441 3023 473 3083 et
498 3018 685 3085 adiutorem
708 3019 780 3084 iure
803 3020 882 3084 licet
905 3018 1076 3084 conicere?

316 3121 544 3188 Transeamus
578 3121 620 3187 ad
654 3118 739 3206 §19
773 3128 806 3187 et
839 3127 890 3187 20.
940 3121 1217 3202 Reprehenderat
1250 3127 1362 3188 autem

231 3229 409 3290 accusator
430 3244 535 3306 reum,
560 3225 647 3306 quod
671 3245 774 3306 penes
797 3245 872 3291 eum
896 3225 1116 3291 convenirent
1135 3227 1285 3310 πονηροὶ
1306 3227 1365 3291 καί

230 3324 364 3406 πολλοί,
388 3328 516 3413 prodigi
542 3334 574 3394 et
597 3329 836 3411 sycophantae,
861 3329 916 3409 qui
940 3328 1078 3395 subdole
1106 3329 1202 3395 bonis
1224 3329 1363 3396 insidia-

230 3437 348 3496 rentur
371 3432 539 3498 hominum
563 3432 742 3512 proborum
766 3433 1057 3514 honestorumque.
1094 3431 1191 3513 Quod
1208 3452 1249 3498 ea
1269 3452 1363 3498 exre

231 3532 390 3600 olfecerat
405 3535 472 3615 ille,
489 3541 604 3601 noster
619 3536 739 3601 callide
757 3537 984 3617 sophistarum
999 3555 1090 3601 more
1106 3536 1155 3600 ita
1171 3535 1363 3616 detorquet:

230 3638 460 3719 unusquisque
484 3644 632 3704 vestrum
655 3640 741 3704 itare
765 3640 850 3705 solet
875 3644 933 3704 aut
956 3638 999 3704 ad
1015 3639 1192 3704 tabernam
1211 3657 1362 3722 unguen·

229 3741 351 3806 tariam
379 3746 439 3807 aut
466 3743 668 3809 tonstrinam
697 3747 755 3809 aut
783 3744 946 3808 sutrinam
975 3742 1176 3808 calceariam
1200 3747 1260 3808 aut
1282 3761 1362 3822 quo·

229 3862 372 3925 cumque
396 3864 561 3926 quemque
583 3846 649 3912 lert
672 3847 812 3912 animus.
849 3847 921 3911 Iam
945 3845 972 3911 si
996 3845 1156 3926 quiseos,
1174 3845 1230 3926 qui
1251 3845 1362 3911 adme

229 3949 444 4030 conveniunt,
467 3949 543 4015 ideo
565 3969 626 4031 pro
649 3950 807 4031 improbis
831 3950 943 4030 habet,
967 3968 1041 4014 eum
1065 3949 1153 4015 idem
1175 3948 1216 4014 de
1240 3949 1363 4015 ceteris

229 4068 361 4132 quoque
384 4052 611 4118 iudicaturum
633 4071 720 4132 esse,
744 4053 801 4133 qui
825 4052 913 4133 apud
938 4052 1023 4118 alios
1047 4053 1152 4118 otium
1174 4058 1362 4132 conterunt,

228 4155 356 4222 clarum
380 4159 441 4222 est.
489 4154 547 4221 Sin
575 4175 656 4222 vero
684 4160 862 4221 accusator
889 4155 949 4221 hos
972 4161 1144 4236 tamquam
1167 4156 1362 4240 profligatos

228 4258 375 4338 damnat,
409 4259 606 4325 universum
641 4258 897 4325 Atheniensium
931 4259 1087 4339 populum
1122 4259 1165 4325 ab
1200 4278 1240 4324 eo
1270 4258 1361 4324 dam·
