3284 4956
265 313 398 387 VI.

266 500 477 567 satisfecerit.
531 500 644 583 Quare
683 519 780 566 nemo
817 500 892 582 luit,
928 502 985 582 qui
1023 502 1131 567 virum
1168 499 1398 567 doctissimum

267 604 363 668 amici
387 622 505 668 nomen
531 608 564 668 ct
587 603 780 669 memoriam
804 622 933 669 summa
955 623 1030 669 oum
1055 604 1156 669 animi
1188 602 1398 686 aegritudine

265 706 467 771 recolentem
501 706 670 786 audiebat,
705 706 799 770 euius
834 705 928 771 dolor
962 725 1029 772 non
1064 707 1181 772 mirum
1207 707 1241 770 in
1265 705 1399 770 modum

264 809 437 874 levaretur
470 829 510 875 ac
544 809 761 874 deleniretur:
797 828 874 874 nam
908 816 945 874 ut
975 811 1044 894 egit
1065 807 1142 892 βίον
1166 828 1245 874 vere
1268 805 1398 890 βιωτὸν

264 913 441 993 Brunsius,
463 911 512 977 ita
536 912 620 976 vivit
643 912 836 977 etiamnunc
864 912 898 976 in
922 912 1041 977 animis
1065 912 1190 978 nostris
1213 930 1322 992 neque
1346 915 1399 975 est

264 1020 399 1080 mortua
433 1019 553 1081 saneta
587 1015 658 1080 eius
693 1015 816 1095 anima,
852 1034 938 1095 quae
962 1015 1026 1080 etsi
1047 1015 1081 1079 in
1106 1015 1225 1081 beatas
1249 1014 1398 1080 evolavit

264 1117 428 1201 regiones
452 1125 564 1182 tamen
587 1122 759 1198 tamquam
784 1118 902 1200 genius
926 1123 1042 1183 nostra
1065 1118 1132 1183 obit
1156 1117 1306 1196 concilia,
1337 1135 1397 1182 nos
1456 1194 1463 1214 ι

264 1221 387 1301 invisit,
412 1221 554 1300 deniquo
579 1221 756 1288 immortali
780 1221 902 1286 fruitur
926 1221 1005 1286 vita.
1052 1223 1171 1304 Longa
1202 1226 1254 1286 est
1277 1221 1396 1299 oratio,

265 1325 292 1388 si
317 1329 554 1404 persecuturus
571 1324 643 1404 sim,
668 1324 746 1405 quid
763 1343 824 1390 nos
841 1324 1042 1408 philologiae
1059 1325 1202 1390 studiosi
1219 1331 1395 1404 quantum-

265 1447 327 1505 quo
354 1426 508 1491 utilitatis
533 1427 713 1492 debeamus
739 1429 835 1492 ivoni
858 1429 978 1492 Bruns.
1026 1428 1158 1492 Etenim
1190 1428 1414 1492 arliuirabilis
1444 1452 1447 1456 ·

264 1529 429 1608 quaedam
453 1537 527 1594 orat
550 1531 613 1594 viri
637 1536 756 1596 summi
778 1531 875 1611 ratio,
900 1550 968 1610 qua
991 1551 1051 1596 nos
1074 1532 1239 1595 imbueret
1266 1531 1395 1611 litteris,

264 1630 478 1696 ‹lilfioultates
509 1638 643 1698 nostras
671 1633 844 1713 expediret
868 1640 899 1699 et
923 1635 1132 1714 explanaret,
1157 1653 1243 1714 quae
1266 1634 1338 1715 ipsc
1361 1635 1394 1698 in

263 1734 413 1816 legendis
438 1736 656 1816 scriptoribus
681 1737 828 1817 antiquis
853 1738 1003 1817 sentiret,
1028 1757 1101 1803 cum
1119 1737 1290 1817 discipulis
1307 1756 1394 1802 com·

263 1838 458 1903 nmnicaret.
496 1841 578 1904 Tarm
602 1840 742 1905 mirifica
765 1848 836 1904 arto
861 1842 990 1906 animos
1014 1846 1146 1907 nostros
1171 1839 1213 1904 ad
1230 1858 1392 1904 summum

261 1939 294 2003 in
330 1959 366 2005 se
401 1942 596 2022 obsequium
614 1948 665 2008 -ot
698 1944 873 2008 caritatem
896 1943 1057 2023 devinxit,
1091 1949 1129 2007 ut
1162 1962 1228 2007 non
1260 1941 1393 2006 aliunde

264 2043 406 2123 venisse,
431 2044 488 2110 sed
515 2053 685 2126 tamquam
710 2046 869 2111 diuturna
890 2046 1038 2112 amicitia
1055 2052 1089 2111 et
1104 2065 1167 2111 usu
1185 2045 1393 2110 necessitatis
1417 2073 1420 2078 ·

262 2145 430 2211 cotidiano
465 2167 539 2212 cum
575 2168 613 2214 eo
649 2149 814 2214 coniuncti
850 2169 924 2213 esse
959 2154 993 2213 et
1027 2149 1070 2214 ad
1104 2149 1210 2229 ipsius
1234 2148 1393 2212 farniliaui

262 2248 429 2327 pertinere
453 2249 651 2315 videremur.
692 2256 797 2316 Amor
821 2259 933 2316 noster
957 2253 990 2316 in
1014 2252 1207 2316 defunctum
1231 2251 1393 2316 eiusmodi

261 2356 344 2431 erat,
380 2371 476 2431 quem
512 2358 666 2433 spectata
701 2354 763 2418 viri
799 2355 995 2435 amplissimi
1033 2356 1138 2420 virtus
1170 2360 1204 2418 et
1226 2372 1309 2436 erga
1332 2372 1391 2417 nos

261 2454 494 2520 benevolentia
531 2457 705 2523 excitavit:
745 2459 943 2524 verebamur
977 2478 1051 2523 eum
1086 2462 1264 2538 patronum
1298 2474 1391 2520 man-

260 2563 402 2636 suetum,
437 2558 623 2624 adiutorem
646 2562 939 2642 promptissimum,
971 2567 1161 2626 nostrarum
1185 2578 1297 2624 rerum
1320 2558 1392 2624 fau-

260 2665 364 2724 torem
396 2664 681 2742 ·oompellabamus
715 2685 838 2730 omnes.
886 2664 968 2730 Oiun
997 2669 1087 2730 esset
1109 2662 1391 2743 locupletissimus

259 2763 384 2846 ingenii
418 2765 554 2846 arbiter,
584 2768 706 2834 nullius
735 2769 842 2834 virtus
872 2788 946 2833 eum
981 2768 1077 2850 sugit,
1108 2767 1167 2833 sed
1190 2772 1228 2831 ut
1251 2765 1392 2846 quisque

260 2867 355 2933 bonis
390 2869 517 2934 artibus
553 2877 585 2935 et
620 2872 723 2936 alacri
757 2873 945 2937 litterarum
981 2871 1091 2936 studio
1114 2871 1321 2951 praestabat,
1344 2869 1393 2934 ita

259 2987 319 3048 pro
343 2973 460 3034 merito
484 2991 648 3053 quemque
673 2994 734 3040 suo
758 2994 872 3039 carum
890 2980 1131 3054 acceptumque
1148 2973 1308 3050 habebat3
1337 2971 1390 3035 ubi

259 3074 471 3154 peccabatur,
510 3077 618 3142 fronte
655 3079 787 3158 placida
826 3078 1022 3157 blandisque
1061 3077 1183 3152 vorbis,
1226 3093 1293 3153 qua
1330 3075 1390 3137 t'uit

258 3174 408 3258 εὐκολίᾳ,
430 3185 466 3242 ut
482 3185 579 3258 pater
594 3180 772 3263 indulgens
789 3181 912 3260 liberis,
929 3185 1043 3245 rectae
1062 3179 1135 3243 viae
1153 3175 1390 3260 ingrediendae

259 3280 374 3345 ducem
411 3300 446 3345 se
480 3282 636 3362 praebuit
659 3284 786 3348 erranti
808 3283 1045 3349 voluntarium.
1091 3281 1252 3346 Attamen
1277 3279 1390 3357 nolite,

258 3402 395 3464 quaeso,
431 3403 471 3448 ex
505 3384 545 3448 iis
580 3384 691 3464 rebuS,
728 3404 811 3466 quas
846 3406 908 3470 ego
943 3386 1090 3450 breviter
1114 3383 1255 3467 attingo,
1278 3382 1391 3463 potius

259 3507 358 3566 quam
383 3506 424 3552 ex
446 3487 498 3566 iis,
533 3507 620 3569 quae
645 3508 709 3553 non
733 3489 942 3573 ignorantur,
978 3489 1018 3554 dc
1042 3489 1115 3554 eius
1139 3485 1295 3552 laudibus
1318 3505 1390 3552 sus·

259 3590 368 3670 cipere
392 3591 639 3672 cogitationem,
669 3593 704 3656 in
728 3611 825 3673 quem
848 3591 935 3656 idem
959 3592 1059 3670 cadit,
1084 3590 1170 3670 quod
1195 3589 1325 3655 Plinius
1349 3589 1390 3654 de

259 3692 380 3758 Titinio
398 3692 561 3774 Capitone
577 3693 672 3759 dicit:
699 3695 787 3774 „Vir
807 3699 865 3759 est
891 3694 1063 3774 optimus
1087 3699 1124 3756 et
1146 3692 1254 3756 inter
1276 3709 1390 3771 prae-

258 3795 375 3875 cipua
398 3797 552 3862 saeculi
576 3805 812 3862 ornamenta
830 3795 1112 3863 numerandus:
1129 3795 1226 3860 colit
1242 3793 1390 3874 studia,

258 3898 460 3964 studiosos
485 3907 604 3979 amat,
627 3900 751 3980 fovet,
774 3900 974 3981 provehit,
1009 3899 1301 3978 multorumque
1325 3898 1390 3978 qui

259 4001 395 4081 aliqua
418 4013 656 4083 componunt
679 4010 819 4084 portus
844 4004 955 4070 sinus
974 4002 1205 4083 praemium,
1222 4002 1390 4066 omnium

257 4106 877 4187 exemplum,ipsarumdenique
901 4106 1131 4171 litterarum
1155 4105 1230 4170 iam
1254 4123 1389 4170 senes-

257 4208 426 4274 centium
456 4208 646 4274 roduetor
674 4227 718 4274 ac
745 4207 1015 4275 reformator.“
