3284 4956
775 317 971 388 ..g..

305 509 374 576 tale
400 507 542 591 initium,
571 510 670 591 quale
697 510 850 596 legimus,
881 529 1049 594 nusquam
1075 513 1141 578 nisi
1163 513 1198 578 in
1221 510 1439 596 δοκιμασίαις

306 615 385 694 apte
419 633 460 679 ac
493 613 663 679 commode
696 615 806 682 locum
833 616 920 682 tueri
948 635 1010 697 pro
1039 621 1129 683 certo
1152 617 1326 698 habemus,
1350 617 1436 698 quod

306 715 450 798 denique
471 715 674 797 relinquitur
696 717 872 785 dubitandi
895 718 1106 802 perfugium?

392 818 459 886 Sed
485 819 605 902 pedem
631 820 850 900 proferamus.
900 822 1067 888 Brunsius
1096 829 1269 889 auctorem
1300 830 1437 890 nostrae

305 922 465 988 orationis
487 922 659 990 introitum
683 942 724 988 ex
746 925 838 990 XVI.
855 929 1045 991 mutuatum
1069 945 1142 992 esse
1167 927 1348 1008 contendit,
1370 947 1438 1008 qua

303 1025 337 1090 in
361 1044 398 1091 re
425 1026 590 1092 rationem
624 1025 727 1092 habet
760 1028 891 1094 nonnisi
925 1028 1100 1110 utriusque
1133 1029 1293 1110 prooemii
1322 1030 1437 1096 simili·

306 1127 468 1210 tudinum,
503 1129 624 1210 quibus
657 1130 739 1195 nihil
767 1129 956 1197 evidentius
984 1131 1045 1197 sub
1069 1133 1242 1198 oculorum
1265 1132 1356 1197 cadit
1378 1132 1436 1198 ad·

305 1235 465 1313 spectum,
488 1230 549 1298 sed
571 1233 720 1317 neglegit
743 1251 784 1298 ex
800 1253 875 1299 mea
892 1233 1026 1315 quidem
1041 1235 1144 1300 animi
1164 1235 1318 1316 opinione
1334 1253 1436 1300 unam

305 1353 447 1416 eamque
470 1334 590 1400 summi
612 1335 770 1415 ponderis
793 1353 879 1401 rem:
903 1336 977 1402 dico
1001 1338 1253 1420 stylometriam,
1271 1357 1338 1418 qua
1354 1357 1437 1402 voce

303 1437 486 1504 Immischii
507 1455 592 1518 pace
615 1438 664 1504 uti
686 1438 767 1504 mihi
789 1439 899 1504 liceat.
934 1440 1185 1524 Investigemus
1208 1441 1311 1524 igitur
1334 1459 1436 1521 quae-

304 1561 383 1609 nam
404 1542 617 1610 intercedant
639 1541 859 1610 differentiae.
905 1546 946 1610 In
970 1564 1016 1611 or.
1033 1546 1125 1612 XVI.
1147 1539 1318 1612 inducitur
1340 1548 1436 1612 Man-

304 1647 430 1713 titheus
454 1632 599 1728 quidam,
633 1647 732 1713 homo
760 1665 826 1712 non
854 1648 996 1714 obscuro
1020 1655 1113 1716 ortus
1137 1651 1220 1730 loco,
1243 1670 1308 1716 usu
1332 1655 1365 1715 et
1386 1651 1435 1716 fa·

303 1749 499 1816 miliaritate
523 1768 597 1816 cum
620 1750 769 1818 externis
793 1752 993 1819 coniunctus
1020 1753 1165 1836 regibus,
1194 1755 1251 1833 qui
1274 1754 1436 1820 maiorum

305 1854 493 1935 exemplum
516 1856 654 1920 secutus
677 1854 765 1920 omni
789 1855 993 1940 cogitatione
1018 1860 1051 1920 et
1074 1873 1156 1920 cura
1178 1856 1212 1920 in
1235 1875 1306 1921 rem
1329 1850 1437 1938 p'ubli·

304 1975 378 2022 cam
412 1955 711 2023 administrandam
745 1957 955 2024 incubuerat.
1000 1959 1040 2023 Iu
1068 1959 1169 2024 rebus
1195 1959 1339 2039 privatis
1363 1963 1438 2024 erat

303 2059 357 2124 vir
379 2059 519 2140 simplex
542 2063 576 2124 et
598 2058 696 2144 frugi,
720 2078 821 2140 quam
844 2060 987 2126 maxime
1011 2061 1179 2127 alienatus
1197 2061 1238 2127 ab
1255 2062 1436 2143 petulanti-

303 2161 367 2228 bus
391 2166 426 2228 et
447 2161 586 2228 lascivis
610 2162 873 2243 oblectamentis,
898 2162 1017 2244 quibus
1041 2164 1144 2229 ceteri
1166 2164 1331 2230 fallebant
1354 2165 1436 2230 adu-

304 2263 482 2331 lescentuli
508 2262 622 2329 otium.
674 2261 787 2346 „Quae
819 2263 896 2330 eicis
929 2270 1024 2332 erum
1056 2264 1165 2332 καλοῦ
1194 2265 1364 2349 κάγαθοῦ,
1399 2289 1438 2332 ec

307 2365 477 2452 diligenter
492 2363 667 2448 praestitit,
691 2366 945 2450 cupeditionibus
968 2368 1065 2434 etiam
1084 2369 1274 2452 periculosis
1301 2375 1332 2435 et
1354 2371 1436 2436 lubo-

304 2468 396 2535 riosis
417 2489 450 2534 se
470 2467 538 2551 ipse
560 2467 683 2552 obtulit,
707 2474 738 2535 et
758 2470 904 2552 quamuis
924 2471 993 2554 ipse
1016 2471 1102 2538 dives
1123 2494 1190 2540 coe
1213 2479 1299 2554 esset,
1321 2469 1438 2556 probos

306 2575 423 2654 tamen,
457 2572 513 2637 sed
533 2591 695 2653 pauperes
723 2572 818 2655 dives,
853 2572 910 2656 qai
935 2573 1098 2656 stipendio
1119 2577 1334 2657 merebuntur,
1369 2575 1438 2640 sais

304 2673 416 2758 opibus
437 2673 643 2741 sffbouoiffl
688 2675 802 2741 Bremi
823 2677 859 2742 in
882 2677 932 2743 ed.
956 2678 1036 2761 Lys.
1054 2678 1188 2745 Gothae
1213 2684 1296 2744 1845
1316 2698 1347 2760 p.
1364 2685 1435 2745 152.

304 2779 459 2846 Favebat
493 2783 606 2845 autem
630 2779 837 2847 Mantitheus
866 2781 1018 2861 partibus
1047 2782 1257 2862 optimatium
1280 2786 1314 2847 et
1338 2801 1434 2847 aver-

305 2881 438 2949 sissimo
461 2886 536 2948 erat
559 2882 670 2948 animo
694 2882 736 2949 ab
759 2883 988 2949 ochlocratum
1010 2884 1286 2965 intemperantia,
1309 2890 1435 2966 tempo·

303 2983 397 3054 ribus
421 2983 561 3069 triginta
582 2989 804 3069 tyrannorum
825 2985 913 3052 inter
936 2987 1066 3068 equites
1088 2988 1304 3069 militaverat,
1322 2989 1377 3069 qui
1394 2989 1435 3054 ob

303 3105 503 3168 propensam
538 3088 572 3154 in
596 3088 883 3156 Lacedaemonios
917 3091 1124 3157 voluntatem
1159 3091 1248 3172 plebi
1275 3092 1434 3157 maximo-

303 3208 384 3272 pere
407 3195 506 3256 erant
528 3192 676 3272 suspecti
699 3195 734 3257 et
756 3191 922 3258 invidiosi.
970 3193 1084 3274 Atque
1108 3195 1149 3259 ob
1172 3194 1205 3258 id
1225 3195 1344 3276 ipsum,
1361 3214 1436 3260 cum

304 3296 394 3359 sorte
427 3290 618 3376 deviaveris
656 3293 851 3378 designatus
885 3300 989 3376 esset,
1024 3297 1114 3362 vitae
1150 3317 1289 3364 examen
1324 3298 1435 3364 subire

303 3399 446 3462 tenetur.
481 3395 531 3461 At
554 3396 834 3478 quemadmodum
856 3397 920 3465 iste
937 3399 1133 3466 adolescens
1155 3401 1274 3467 nobilis
1298 3403 1435 3484 elegans

303 3499 452 3566 urbanus
479 3517 729 3581 nonnumquam
756 3501 827 3567 iere
854 3502 908 3568 sui
934 3503 1041 3584 ipsius
1071 3503 1435 3585 admirator-aliosque

301 3621 384 3684 prae
408 3622 445 3670 se
468 3607 684 3671 contemnens
708 3605 870 3686 homines,
894 3607 1182 3687 quemadmodum,
1201 3609 1264 3689 aio,
1283 3608 1365 3673 lacit
1380 3607 1436 3673 ille

301 3705 427 3772 verba?
466 3706 559 3787 ,Nisi
582 3725 728 3789 nossem,
750 3707 869 3789 inquit,
893 3714 1078 3790 senatores,
1106 3710 1194 3775 omni
1218 3709 1315 3776 modo
1340 3729 1436 3776 accu-

303 3813 435 3876 satores
453 3810 656 3876 contendere
672 3811 753 3877 mihi
768 3812 893 3878 malum
910 3811 1002 3894 dare,
1019 3832 1176 3897 magnam
1192 3813 1274 3894 ipsis
1291 3814 1435 3896 gratiam

302 3911 402 3980 huius
436 3913 663 3980 accusationis
698 3914 871 3995 haberem,
906 3915 1101 3981 existimans
1129 3917 1256 3982 iniusta
1286 3917 1435 3982 oneratis

302 4015 470 4081 calumnia
503 4034 707 4082 summorum
740 4016 902 4083 bonorum
937 4021 1092 4084 auctores
1128 4037 1168 4084 ac
1201 4019 1436 4084 conciliatores

301 4134 376 4184 esse
404 4134 472 4198 eos,
507 4118 536 4183 si
570 4119 627 4200 qui
661 4118 705 4185 ad
739 4120 976 4187 necessitatem
1002 4121 1194 4187 reddendae
1225 4121 1366 4187 rationis
1394 4121 1436 4186 de

300 4218 390 4286 omni
417 4219 591 4300 superiore
619 4220 692 4287 vita
720 4227 798 4287 acta
820 4221 911 4302 ipsos
935 4221 1108 4306 adigantl‘
1155 4225 1290 4305 Hercle,
1314 4225 1437 4289 eminet
