3284 4956
735 379 782 398 ,-
825 347 953 416 20..

281 537 445 620 siquidem
479 538 521 604 ad
554 538 673 604 inanes
700 538 944 604 sententiarum
975 536 1126 620 argutias
1160 539 1194 600 et
1225 538 1411 600 tortuosam

281 642 538 725 argumentandi
582 642 747 708 rationem
772 641 947 722 ,delapsus
989 659 1113 706 causae
1155 638 1268 719 potius
1310 655 1411 718 quam

280 745 417 811 veritati
439 745 573 810 videtur
600 745 737 810 servire.
782 745 888 809 Immo
912 742 1155 823 respiciendum
1183 759 1258 806 esse
1282 759 1411 813 censeo,

280 847 389 928 qualis
423 848 523 914 fuerit
556 848 647 914 illius
682 848 818 927 aetatis,
854 866 921 927 qua
953 846 1060 930 viguit
1093 849 1221 924 orator,
1256 843 1410 909 conditio.

279 951 382 1032 Bene,
407 952 516 1032 credo,
540 969 655 1017 eorum
678 950 735 1032 qui
757 956 838 1016 tunc
854 951 997 1016 Athenis
1020 949 1165 1015 iudicum
1186 948 1413 1032 iungebantur

280 1073 417 1120 munere
451 1054 595 1120 indolem
627 1055 813 1121 illustravit
847 1073 954 1135 neque
988 1054 1167 1138 imaginem
1201 1052 1299 1117 nimis
1336 1051 1411 1116 luco

281 1158 474 1240 adspersam
500 1157 712 1224 adumbravit
734 1158 933 1238 Xenophon,
962 1157 1041 1221 licet
1069 1156 1262 1236 ceteroquin
1292 1155 1411 1220 abhor-

279 1262 385 1327 ruerit
407 1281 507 1342 quam
531 1261 822 1327 vehementissime
852 1260 893 1326 ab
917 1259 1174 1326 Atheniensium
1196 1258 1411 1338 democratia,

281 1383 355 1430 cum
389 1365 424 1429 in
459 1365 557 1430 hlem.
592 1365 716 1430 tvae
753 1365 842 1429 hunc
878 1365 912 1428 in
950 1363 1083 1429 modum
1120 1362 1202 1428 iacit
1237 1361 1343 1426 verba
1380 1362 1413 1425 οί

284 1466 448 1552 Ἀθήνησι
481 1464 640 1532 δικασταί
672 1465 826 1549 πολλοὺς
862 1467 926 1550 μὲν
963 1465 1029 1550 ἤδη
1062 1464 1171 1549 μηδὲν
1205 1463 1413 1544 ἀδικοῦντας

279 1569 370 1654 λόγῳ
408 1569 648 1654 παραχθέντες
687 1571 904 1651 ἀπέκτειναν,
946 1568 1099 1651 πολλοὺς
1138 1566 1172 1633 b’
1205 1566 1413 1648 cccccccccc

281 1674 468 1740 ἀπέλυσαν.
514 1676 628 1756 Atque
657 1674 756 1740 huius
789 1675 838 1741 rei
865 1679 919 1741 est
947 1691 1052 1740 causa
1079 1673 1273 1753 quaerenda
1301 1673 1335 1736 in
1363 1691 1413 1752 eo,

281 1779 368 1860 quod
405 1785 581 1859 tantopere
619 1797 723 1859 supra
760 1779 893 1844 modum
930 1778 1075 1843 Athenis
1113 1782 1266 1857 potestas
1303 1776 1413 1857 plebis

281 1883 492 1950 currentibus
516 1883 613 1948 annis
636 1882 684 1948 ita
708 1887 782 1948 erat
805 1886 916 1962 aucta,
945 1885 983 1946 ut
1005 1882 1068 1946 hoc
1092 1880 1211 1946 mobile
1236 1900 1276 1947 ac
1299 1879 1412 1946 sediti·

281 2005 375 2052 osum
409 2005 531 2070 genus,
566 1986 655 2067 quod
688 1985 870 2068 εὐκίνητον
904 1983 993 2066 πρὸς
1027 1982 1141 2067 ὀργὴν,
1177 1981 1412 2067 capacensem

280 2089 370 2172 πρὸς
398 2087 502 2168 ἔλεον,
534 2087 667 2172 μᾶλλον
696 2087 801 2171 ὀξέως
827 2087 992 2152 ὑπονοεῖν
1019 2087 1041 2170 ἢ
1069 2084 1294 2151 διδάσκεσθαι
1326 2084 1414 2151 καθ’

280 2193 425 2277 ἡσυχίαν
447 2190 662 2275 βουλόμενον
685 2193 775 2257 haud
798 2192 909 2271 inepte
930 2192 1134 2256 Plutarchus
1157 2191 1191 2255 in
1215 2209 1325 2270 praec.
1347 2191 1412 2270 pol.

281 2303 331 2361 3³
360 2301 469 2377 vocat,
497 2297 531 2362 in
559 2296 689 2362 iudiciis
716 2296 816 2377 plane
844 2294 1074 2359 dominaretur
1102 2300 1135 2359 et
1164 2298 1223 2359 aut
1251 2293 1325 2359 odio
1354 2301 1413 2358 aut

280 2418 393 2465 amore
418 2405 476 2464 aut
501 2399 613 2479 aliquo
637 2398 756 2463 mentis
779 2399 985 2478 permotione
1012 2398 1119 2482 magis
1145 2416 1246 2478 quam
1268 2397 1411 2462 veritate

281 2509 312 2569 et
342 2521 459 2568 norma
486 2504 597 2586 legum
623 2501 793 2567 ferrentur
820 2501 993 2586 suffragia.
1040 2501 1128 2584 Quid
1155 2501 1258 2584 igitur
1282 2501 1411 2580 mirum,

281 2606 368 2686 quod
393 2606 553 2672 causidici
576 2610 706 2686 partem
729 2623 825 2671 suam
852 2604 901 2670 ita
926 2605 1223 2686 amplectebantur,
1252 2608 1413 2684 utquam

281 2711 482 2776 enixissume
497 2709 709 2790 popularium
722 2709 926 2774 inservirent
941 2708 1133 2775 commodo?
1157 2707 1270 2790 Quare
1286 2707 1412 2773 iactum

281 2820 340 2893 est,
365 2822 402 2879 ut
417 2813 549 2896 Lysiae,
574 2831 673 2892 quem
697 2812 894 2878 acerrimum
916 2813 1067 2878 ext'tisse
1087 2811 1217 2892 imperii
1240 2811 1412 2891 popularis

279 2924 562 3001 propugnatorem
584 2915 747 2981 adversus
769 2936 836 2996 coe,
861 2917 917 2996 qui
933 2915 1092 2982 favebant
1108 2934 1292 2995 paucorum
1309 2913 1411 2980 domi-

280 3020 407 3086 nationi
423 3020 509 3084 inter
524 3037 638 3085 omnes
651 3024 794 3099 constat,
810 3020 959 3085 rationes
976 3020 1020 3086 sit
1037 3020 1210 3099 amplexus
1226 3016 1411 3096 ἀδυνάτου,

279 3125 336 3204 qui
360 3142 441 3188 suae
463 3123 568 3202 ipsius
593 3127 667 3187 erat
691 3122 844 3188 addictus
875 3122 1023 3203 factioni,
1054 3140 1119 3202 quo
1147 3123 1180 3186 in
1204 3120 1411 3186 defendendo

278 3245 332 3292 res
368 3232 427 3291 aut
455 3225 575 3292 callide
603 3226 761 3292 inventas
797 3230 855 3291 aut
882 3226 995 3306 inique
1023 3225 1173 3291 detortas
1207 3225 1239 3288 in
1268 3224 1409 3290 medium

278 3331 428 3411 proferre
464 3348 528 3394 non
563 3329 749 3394 dubitabat.
795 3330 873 3395 Huc
907 3328 1102 3410 accedebat,
1138 3335 1175 3394 ut
1208 3329 1329 3410 Lysias
1362 3329 1412 3394 rei

279 3435 412 3500 domum
435 3432 668 3513 frequentaret
690 3451 831 3513 eumque
855 3433 989 3512 penitus
1013 3433 1238 3516 cognovisset,
1267 3432 1299 3497 id
1324 3431 1411 3512 quod

279 3538 369 3603 haud
392 3535 655 3616 improbabiliter
678 3536 870 3616 suspicatus
894 3540 946 3602 est
968 3536 1285 3602 Rauchensteinius.

365 3639 521 3706 Ceterum
536 3638 627 3704 haud
644 3639 712 3704 scio
729 3658 772 3704 an
789 3639 948 3705 materies
967 3638 1127 3705 eiusmodi
1146 3640 1189 3704 sit
1206 3644 1411 3719 comparata,

278 3763 366 3826 qnae
394 3762 557 3824 perquam
581 3743 733 3808 arriserit
759 3748 791 3808 et
816 3743 971 3808 allexerit
999 3744 1166 3808 rhetorem
1191 3743 1412 3808 exercitatum

278 3847 564 3931 ingeniosumque,
582 3865 647 3912 non
665 3865 729 3927 quo
745 3863 884 3912 causam
900 3847 1030 3929 legibus
1048 3851 1081 3911 et
1096 3847 1161 3911 iuri
1175 3845 1413 3910 convenienter

279 3971 316 4018 se
339 3967 438 4031 posse
461 3949 603 4016 feliciter
625 3967 784 4030 perorare
805 3954 959 4030 speraret
981 3986 1023 3992 —
1047 3955 1163 4015 contra
1185 3949 1269 4014 iuris
1292 3949 1411 4014 funda·

278 4061 392 4121 menta
426 4058 524 4119 erant
557 4053 742 4118 evertenda
775 4089 817 4098 —-
851 4053 911 4118 sed
946 4052 1035 4133 quod
1067 4053 1206 4117 iuvabat
1234 4051 1411 4118 admodum

277 4157 340 4223 τὸν
361 4157 457 4241 ἥττω
480 4154 583 4238 λόγου
606 4157 751 4240 κρείττω
775 4161 897 4221 ποιεῖν.
942 4156 1036 4220 Idem
1064 4156 1209 4221 sensisse
1234 4155 1412 4221 videbatur

279 4259 568 4340 WilamowitziuS,
611 4279 683 4326 cum
726 4260 761 4324 in
802 4260 958 4337 lectione,
1003 4277 1103 4340 quam
1145 4259 1261 4324 habuit
1303 4259 1411 4323 hieme
