3284 4956
736 357 952 418 ..12-

276 545 385 608 tatum
406 541 543 623 reliquit
565 577 607 586 -
630 540 755 608 dudum
778 546 829 607 est
852 541 924 606 vita
947 539 1139 620 defunctus3
1167 543 1285 621 mater,
1309 559 1410 622 quam

278 644 321 715 ad
344 648 484 711 mortem
507 663 615 726 usque
643 645 721 724 alui,
749 644 855 710 tribus
885 643 983 709 aunis
1012 647 1090 708 ante
1119 643 1182 708 hoc
1214 648 1346 724 tempus
1369 645 1410 711 de

277 749 348 814 vita
376 749 534 829 decessit;
569 748 663 814 liberi
691 748 770 812 mihi
797 748 944 813 nondum
973 750 1062 825 sunt,
1091 746 1147 826 qui
1175 747 1254 811 mihi
1281 748 1411 828 possint

275 851 496 931 prospicere.“
522 889 564 898 -—
586 853 670 932 Nae,
694 857 752 917 tuo
766 851 898 932 inquies
914 851 998 929 inre,
1021 849 1050 915 si
1071 869 1179 930 neque
1195 851 1285 930 patri
1300 869 1409 931 neque

276 953 375 1018 matri
399 973 508 1034 neque
525 955 637 1020 liberis
653 954 815 1034 praebere
832 954 957 1019 victum
982 953 1039 1017 tibi
1061 971 1145 1033 opus
1169 958 1230 1032 est,
1254 954 1281 1019 si
1299 957 1408 1019 tecum

277 1075 342 1121 uno
359 1057 457 1137 vivis,
482 1057 510 1123 si
535 1058 678 1123 nondum
703 1076 739 1124 es
757 1076 870 1135 senex,
895 1056 954 1122 sed
971 1054 1102 1121 demum
1119 1056 1267 1121 senescis
1290 1053 1409 1140 (verba

274 1158 309 1223 in
337 1155 356 1244 ξ
380 1165 397 1224 7
427 1158 662 1243 πρεσβύτερον
685 1161 744 1224 καὶ
771 1158 1022 1242 ἀσθενέστερον
1047 1158 1247 1241 γιγνόμενον
1273 1195 1315 1204 -
1342 1179 1408 1226 non

275 1262 357 1328 dicit
378 1264 584 1346 γενόμενον]
602 1301 644 1308 -
667 1283 688 1328 a
712 1265 803 1329 nullo
819 1262 929 1328 adhuc
943 1263 1126 1342 interprete
1150 1262 1233 1328 satis
1250 1267 1408 1330 accurate

275 1372 354 1431 sunt
388 1367 609 1433 considerata.
660 1367 699 1434 of.
729 1363 748 1452 ξ
778 1372 817 1431 16
852 1365 935 1448 τοὺς
968 1363 1035 1449 ἤδη
1070 1362 1333 1449 προβεβηκότας
1367 1403 1408 1412 -

275 1469 420 1535 noudum
455 1471 557 1553 igitur
591 1477 642 1536 est
676 1470 807 1550 senexl)
856 1470 885 1535 si
918 1470 1055 1549 insuper
1080 1469 1139 1535 tibi
1172 1468 1346 1551 πρόσοδος
1369 1470 1407 1534 ἐκ

275 1577 396 1656 οεχνῆς
419 1578 480 1653 est,
505 1574 571 1638 ain'
595 1573 739 1654 tandem,
762 1573 842 1655 quid
866 1574 929 1654 vis,
953 1573 1032 1654 quid
1054 1573 1234 1653 aucuparis
1254 1573 1407 1639 obolum?

275 1674 419 1742 Summis
442 1677 476 1741 in
494 1677 659 1761 angustiis
675 1678 795 1742 haeret
810 1684 925 1742 noster
948 1674 1136 1756 ἀὸύναοος;
1160 1676 1220 1742 sed
1243 1696 1316 1742 cnm
1341 1697 1406 1743 non

274 1778 317 1843 sit
340 1779 480 1863 ignarus
504 1781 667 1860 quomodo
696 1800 733 1847 se
762 1799 803 1845 ex
825 1781 876 1845 his
900 1780 1058 1861 expediat
1079 1779 1198 1859 turbis
1226 1780 1347 1846 callide
1370 1800 1406 1847 se

274 1882 428 1948 subducit
457 1884 595 1964 ancipiti
628 1902 769 1950 causae:
804 1885 913 1949 Homo
949 1886 1000 1948 est
1034 1883 1132 1948 dicax
1166 1886 1200 1948 et
1227 1903 1346 1950 scurra
1373 1891 1406 1950 et

274 1985 380 2050 alacri
402 1986 575 2067 praeditus
604 1993 724 2065 mente,
754 1991 791 2051 ut
819 1987 930 2052 solent
956 2005 1030 2051 esse
1059 2005 1175 2052 omnes
1201 1986 1342 2053 invalidi
1363 2025 1406 2033 —

273 2089 393 2154 iterum
420 2091 558 2170 planum
590 2096 624 2155 et
651 2090 863 2170 perspicuum
895 2090 1081 2170 exemplum
1110 2095 1173 2174 τῆς
1199 2089 1410 2173 ἠθοποιίας]

273 2193 443 2257 Iocularia
470 2193 573 2276 igitur
596 2192 715 2272 fundit,
741 2211 815 2257 cum
840 2193 920 2258 dicit
942 2189 960 2275 ξ
984 2198 1018 2258 8;
1049 2195 1260 2272 „Accusator
1281 2195 1354 2275 ipse
1376 2195 1405 2261 is

273 2299 340 2374 est,
378 2295 435 2376 qui
471 2301 706 2376 paupertatem
743 2315 852 2360 meam
890 2296 1012 2376 optime
1048 2300 1156 2378 possit
1188 2297 1327 2363 docere“
1363 2333 1405 2342 -

273 2398 447 2478 suspensis
486 2398 604 2464 animis
643 2417 742 2479 quam
777 2399 971 2480 prolaturus
1009 2399 1051 2464 sit
1084 2400 1250 2465 rationem
1287 2401 1405 2467 debilis

274 2505 516 2581 exspectamus.
562 2502 680 2586 Pergit
708 2502 779 2568 ille:
816 2503 907 2582 „Fac
940 2521 990 2566 me
1025 2504 1206 2586 choragum
1239 2523 1314 2570 esse
1349 2504 1405 2569 de·

273 2605 434 2670 stinatum
478 2605 526 2670 illi
571 2605 791 2671 conditionem
836 2604 1050 2685 permutandi
1091 2605 1245 2672 fortunas
1283 2607 1405 2672 offerre

273 2705 484 2790 (ἀντίδοσιν),
509 2713 581 2774 tum
597 2713 775 2775 accusator
790 2709 845 2774 vel
861 2707 972 2774 decies
996 2709 1090 2773 malit
1109 2709 1243 2792 choregi
1265 2729 1405 2775 munera

273 2812 394 2893 subire,
434 2832 532 2894 quam
572 2813 673 2878 semel
708 2831 763 2878 res
796 2812 981 2878 familiares
1014 2831 1143 2878 mecum
1179 2812 1401 2894 permutare.“

273 2914 481 2982 Cachinnum
515 2922 628 2982 movet
659 2916 825 2982 indicibus
863 2917 948 2981 haec
985 2915 1153 2980 festivitas
1186 2951 1229 2960 -
1263 2915 1328 2982 duo
1363 2916 1404 2982 de

273 3018 389 3084 eadem
412 3019 524 3084 fidelia
548 3019 719 3084 dealbavit
744 3018 893 3100 parietes
920 3023 1035 3084 noster
1058 3017 1209 3099 duasque
1232 3038 1289 3086 res
1313 3039 1403 3087 asse·

273 3126 370 3188 cutus
393 3129 445 3188 est
460 3141 528 3187 una
543 3122 710 3188 mercede:
734 3124 878 3204 primum
894 3121 1028 3202 quidem
1050 3121 1080 3187 is
1102 3121 1198 3187 iocus
1214 3122 1404 3188 documenti

272 3227 344 3291 loco
372 3225 578 3299 sumebatur,
613 3225 732 3290 deinde
765 3226 941 3290 excidebat
971 3244 989 3290 e
1016 3230 1211 3291 senatorum
1244 3227 1405 3292 memoria

271 3329 334 3393 hoe
358 3329 431 3394 loco
455 3329 588 3409 proprie
612 3333 715 3394 testes
740 3328 838 3394 citari
861 3328 992 3408 debere,
1017 3329 1073 3408 qni
1096 3329 1229 3409 planius
1252 3329 1404 3395 facerent

272 3436 306 3496 et
322 3431 559 3497 confirmarent
576 3450 626 3511 ea,
650 3449 737 3512 quae
754 3431 851 3496 modo
868 3436 1073 3512 exposuerat
1086 3451 1175 3497 rens.
1215 3430 1281 3498 Sed
1297 3436 1403 3500 testes

271 3552 337 3599 non
372 3535 511 3614 adsunt;
546 3554 605 3600 our
632 3535 718 3599 non?
752 3535 781 3600 si
810 3534 1008 3614 adfuissent,
1041 3535 1076 3599 in
1105 3536 1310 3602 contrariam
1338 3536 1402 3602 dis·

271 3639 399 3704 cessuri
427 3639 571 3703 fuissent
599 3638 799 3704 sententiam
834 3657 874 3704 ac
901 3638 1149 3718 comprobaturi
1176 3639 1270 3706 illum
1297 3640 1402 3705 haud-

271 3758 442 3822 quaquam
470 3745 672 3822 paupertate
698 3742 747 3808 ita
774 3741 926 3822 opprimi,
959 3746 998 3807 ut
1029 3741 1159 3822 publice
1191 3741 1403 3808 adiuvandus

271 3850 371 3911 essct.
416 3848 456 3910 In
480 3842 499 3928 ξ
524 3851 649 3910 10--12
674 3844 887 3929 subiungitur
913 3845 1072 3910 refutatio
1097 3845 1244 3911 criminis
1267 3845 1402 3926 prioris:

271 3967 310 4014 ex
335 3968 385 4029 ec,
410 3948 499 4029 quod
520 3968 642 4029 equum
658 3948 907 4028 conscenderet,
932 3967 1096 4029 apparere
1113 3948 1284 4013 contendit
1305 3967 1403 4014 aceu-

271 4056 366 4119 sator
397 4071 492 4116 reum
528 4069 601 4116 esse
636 4070 775 4131 corpore
806 4051 963 4117 validum.
1010 4050 1183 4133 Quomodo
1218 4055 1337 4117 eontra
1369 4051 1403 4116 id

270 4155 405 4220 disserit
438 4155 572 4218 oratori
617 4155 780 4235 „Possim
814 4155 871 4231 ait,
905 4155 938 4219 in
967 4154 1068 4220 breve
1097 4173 1216 4238 cogere
1246 4173 1402 4235 eaquae

270 4259 407 4338 protulit
430 4258 484 4321 ille
509 4257 549 4322 de
574 4257 763 4340 gestatione
787 4276 863 4322 mea
883 4258 917 4322 in
942 4258 1058 4338 equo.“
1097 4259 1194 4322 Itane
1212 4259 1312 4322 vero?
1331 4276 1401 4322 non
