3284 4956
658 373 851 434 ..5-

186 575 253 622 non
275 556 501 622 infirmissimo
526 557 645 637 cuique
668 555 831 636 insidiari,
848 557 909 623 sed
924 577 982 623 eos
998 558 1167 639 insectari,
1184 558 1320 640 quibus·

186 680 261 726 cum
284 659 318 725 in
341 647 416 742 pari
440 664 530 726 esset
553 660 645 726 vitae
668 660 867 726 conditione.

716 829 789 917 ea.

273 971 323 1034 ldx
346 971 439 1035 brevi
464 971 525 1035 hoo
546 970 709 1036 orationis
732 975 914 1052 conspectu
931 971 1111 1038 dilucidum
1135 974 1187 1037 est
1209 969 1318 1035 futtile

185 1091 258 1137 esse
287 1073 359 1137 eius
387 1079 622 1156 argumentum
650 1093 758 1154 neque
787 1074 830 1139 ad
859 1078 987 1140 certam
1014 1074 1128 1140 iudicii
1154 1073 1319 1140 rationem

184 1180 339 1240 exactam
361 1195 435 1242 esse
460 1176 652 1257 materiam3
677 1195 743 1241 non
768 1181 841 1242 arte
864 1181 943 1242 sunt
965 1177 1055 1242 inter
1074 1196 1150 1243 sese
1170 1195 1318 1242 conexae

174 1279 386 1359 sententiae,
427 1280 527 1345 immo
565 1280 637 1345 sine
675 1280 791 1345 ordine
828 1280 968 1360 protulit
1005 1281 1148 1361 scriptor
1185 1279 1319 1363 singula

183 1380 311 1461 capita,
348 1383 424 1462 plus
459 1401 560 1462 quam
594 1383 697 1447 semel
732 1381 874 1447 eundem
913 1382 955 1447 ad
993 1383 1103 1448 locum
1135 1383 1319 1448 revertitur

184 1483 394 1564 diversisque
428 1484 509 1549 loeis
536 1484 693 1565 proponit
726 1503 777 1564 ea,
812 1504 899 1565 quae
933 1505 1000 1551 uno
1031 1486 1213 1566 eodemque
1245 1487 1317 1553 loco

184 1591 281 1652 erant
304 1587 626 1666 comprehendenda.
670 1589 816 1653 Tantum
840 1589 945 1668 abest,
968 1597 1006 1654 ut
1029 1589 1250 1672 cogitationes
1274 1589 1317 1655 ad

183 1691 287 1755 ullum
302 1696 431 1756 certum
447 1691 597 1756 ordinem
614 1710 690 1757 sese
708 1692 886 1772 excipiant,
903 1698 940 1758 ut
955 1697 1073 1759 eontra
1086 1693 1316 1774 perturbatae,

183 1793 376 1874 dissipatae,
411 1795 498 1859 male
526 1800 704 1860 contextae
734 1795 816 1874 sint;
851 1794 995 1876 denique
1022 1796 1146 1880 Lysiae
1177 1813 1316 1876 prorsus

182 1896 277 1962 deest
299 1897 444 1963 facultas
467 1897 597 1980 τάξεως
619 1899 673 1964 vel
697 1895 888 1979 ὁιαιίέσεως
914 1899 1157 1966 sententiarum
1179 1899 1243 1964 rite
1266 1899 1315 1964 in·

182 1999 372 2066 stituendae
402 2006 437 2065 et
464 2007 622 2067 accurate
646 2001 888 2067 observandae.
936 2001 1010 2084 Quo
1033 2002 1152 2068 melius
1179 2003 1214 2068 in
1237 2021 1314 2067 oon·

181 2107 298 2183 spectu
321 2105 428 2184 possit
449 2106 604 2185 perspici,
633 2124 734 2186 quam
761 2124 880 2186 parum
904 2106 1019 2171 ordine
1043 2106 1177 2190 singula
1199 2105 1314 2170 redar-

181 2211 328 2288 guantur
352 2208 578 2274 accusationis
602 2209 724 2288 capita,
748 2209 934 2275 orationem
953 2209 1102 2274 breviter
1123 2208 1313 2275 delineabo:

266 2307 284 2392 ξ
310 2317 392 2376 1-3
416 2311 631 2392 prooemium.

265 2409 284 2495 ξ
306 2420 327 2477 4
351 2421 382 2478 et
406 2420 436 2494 5,
464 2413 520 2479 ubi
543 2433 610 2479 uno
633 2415 706 2480 loco
730 2419 809 2480 sunt
832 2415 1074 2498 conglutinata,
1103 2433 1191 2496 quae
1215 2419 1314 2480 erant

180 2513 335 2595 dicenda,
370 2517 540 2583 subiciunt
574 2517 672 2598 quasi
702 2516 967 2600 dispositionem,
1004 2518 1046 2583 ad
1077 2537 1178 2599 quam
1206 2519 1314 2584 oratio

179 2617 299 2684 fuisset
322 2620 501 2704 exigenda:

265 2723 349 2804 φησί
383 2722 445 2804 γὰρ
475 2722 709 2806 ὁκατήγορος
737 2722 778 2788 οὐ
807 2720 949 2804 δικαίως
980 2744 1023 2804 με
1054 2720 1245 2806 λαμβάνειν
1272 2723 1313 2788 τὸ

178 2824 274 2906 παρὰ
298 2831 360 2910 τῆς
383 2823 519 2907 πόλεως
542 2825 715 2909 ἀργύριον.

353 3016 542 3098 κατηγορία
958 3013 1126 3096 τεκμήρια

220 3187 273 3251 Ια.
309 3188 367 3251 καί
401 3187 463 3270 γὰρ
498 3181 547 3270 τῷ
583 3185 718 3268 σώματι
814 3185 866 3249 Ib.
903 3182 957 3249 ὅτι
984 3184 1043 3250 ἐντί
1069 3185 1153 3268 τοὺς
1181 3187 1312 3268 ίιτιτονς

178 3286 351 3353 δύνασθαι
374 3291 432 3354 καί
455 3289 519 3354 οὐκ
539 3289 627 3354 είναι
646 3293 718 3353 τῶν
771 3285 961 3370 ἀναβαίνω.

177 3388 371 3456 ἀδυνάτων.

219 3563 291 3628 Ha.
330 3564 388 3628 καί
422 3565 545 3647 τέχνην
579 3565 717 3629 εἰτίστα-
812 3564 883 3629 Πίι.
911 3562 965 3629 ὅτι
987 3561 1138 3646 δύναμαι
1161 3569 1313 3628 συνεῖναι

176 3663 262 3729 odat
277 3666 443 3750 τοιαύτην
455 3666 543 3732 ὣστε
559 3669 617 3731 καί
634 3665 716 3732 ἄνευ
770 3665 976 3749 δυναμένοις
999 3664 1205 3748 ἀνθρώποις
1230 3665 1312 3731 ἀνα·

174 3772 237 3832 τοῦ
261 3767 445 3852 ὁιὸομένοο
469 3771 596 3836 τούτου
621 3768 691 3855 ζῇν.
768 3768 906 3835 λίσκειν.

261 3957 475 4024 Commutato
498 3959 614 4024 ordine
637 3959 763 4024 crimen
787 3960 823 4024 II
845 3958 938 4039 prius
962 3958 1140 4038 refutatur,
1166 3958 1215 4023 ita
1240 3958 1310 4039 qui·

175 4060 250 4125 dem
273 4067 312 4127 ut
345 4063 408 4128 Ha
430 4062 464 4127 in
488 4059 507 4146 ξ
531 4070 550 4129 6
574 4067 609 4127 et
631 4068 662 4143 9,
695 4063 760 4127 Hb
783 4062 817 4126 in
840 4057 859 4146 ᾗ
884 4067 923 4126 19
948 4066 980 4126 et
1004 4067 1056 4142 20,
1091 4062 1136 4126 Ia
1157 4061 1192 4125 in
1216 4057 1235 4146 ξ
1259 4067 1311 4141 12,

174 4164 275 4230 Ibin
299 4162 318 4250 ἕ
344 4172 384 4230 10
411 4173 445 4232 et
469 4173 506 4232 ll
537 4166 744 4232 absolvatur.
794 4166 1056 4246 Interrumpitur
1084 4170 1195 4230 autem
1230 4183 1310 4244 pars

173 4269 210 4332 Π
233 4264 284 4351 §is
307 4275 324 4330 7
350 4277 382 4333 et
406 4276 426 4333 8
449 4270 595 4349 insertis
623 4288 711 4350 quae
734 4269 896 4333 nonnulla
919 4267 961 4332 ad
986 4267 1307 4333 commiserationem
