3284 4956
657 365 852 428 ..g-

188 552 429 620 consuotudinc
463 550 513 617 611
547 550 577 614 61
610 550 737 616 liceret.
781 549 858 616 Hoc
885 549 1011 614 crimen
1037 549 1180 631 primum
1207 546 1322 614 studet

187 655 340 721 refellere
378 652 551 734 ἀδύνατος
589 690 632 699 -
669 656 705 717 61
741 651 907 733 quomodo
943 653 1007 718 hoc
1044 651 1163 718 efficit?
1204 653 1320 732 Pater,

187 759 305 840 inquit,
328 758 408 823 mihi
424 757 506 821 nihil
522 755 667 837 reliquit,
691 758 833 820 matrem
855 756 919 820 hoc
933 755 1077 820 triennio
1094 761 1172 821 ante
1188 754 1319 820 demum

187 860 380 927 defunctam
414 859 455 925 de
488 860 571 924 meis
605 858 823 924 facultatibus
857 858 899 923 ad
933 859 1033 924 finem
1063 859 1154 924 vitae
1189 876 1321 936 semper

187 965 266 1044 alui,
300 964 396 1030 liberi
424 963 569 1029 nondum
597 964 686 1042 sunt,
721 980 829 1042 66666
856 965 987 1027 tantum
1011 961 1200 1028 adhucdum
1227 960 1320 1040 potui

187 1086 384 1149 comparare
408 1067 507 1147 aeris,
529 1065 619 1132 unde
636 1084 771 1130 servum
786 1084 941 1146 emerem,
964 1083 1063 1146 quem
1081 1083 1191 1131 meam
1214 1069 1319 1128 artem

187 1171 342 1236 docerem
363 1189 468 1251 coque
485 1169 638 1234 adiutore
658 1169 692 1233 in
712 1168 772 1232 illa
792 1167 981 1233 exercenda
995 1172 1118 1234 uterer.
1156 1166 1321 1248 Adiungit

186 1291 313 1354 procae,
338 1292 379 1338 ne
403 1271 466 1338 sibi
490 1271 614 1337 seniori
635 1270 852 1335 detraherent
874 1289 925 1350 ea,
949 1288 1036 1351 6666
1057 1270 1135 1334 olim
1151 1268 1322 1334 dedissent

185 1375 308 1441 iuniori
323 1394 409 1441 neve
425 1373 533 1439 moliri
547 1373 727 1455 perniciem
745 1373 785 1452 ei,
802 1372 897 1438 cuius
912 1373 1027 1454 inopia
1043 1373 1097 1438 vel
1111 1372 1319 1438 inimicorum

187 1479 373 1544 concitaret
388 1477 651 1543 misericordiam
668 1477 815 1542 animum
830 1476 1037 1542 inducerent.
1070 1476 1112 1540 In
1128 1479 1318 1542 senatorum

187 1581 309 1663 redigit
328 1581 522 1646 memoriam
545 1598 676 1661 semper
698 1598 769 1644 rem
783 1579 954 1662 publicam
968 1585 1125 1660 paratam
1148 1579 1253 1645 fuisse
1277 1579 1320 1644 ad

187 1684 352 1750 iuvandos
377 1702 513 1768 egenos,
542 1682 673 1749 etiamsi
697 1683 731 1749 hi
754 1682 862 1748 minus
886 1681 978 1766 digni
999 1682 1152 1763 fuissent,
1179 1701 1320 1763 quorum

188 1791 324 1871 egestas
358 1788 541 1852 levaretur.
592 1785 700 1868 Quid?
738 1785 826 1867 quod
864 1790 1043 1852 accusator
1079 1785 1151 1865 ipse
1185 1784 1320 1850 doceret

187 1909 287 1971 quam
311 1888 528 1971 liquidissime
557 1908 592 1954 se
617 1889 660 1954 ad
684 1894 868 1955 extremam
892 1889 1050 1954 adactum
1076 1906 1152 1954 esse
1175 1906 1319 1969 pauper-

186 1999 306 2058 tatem:
350 1993 472 2059 etenim
510 1993 538 2058 si
576 1993 740 2076 choregus
778 1992 961 2077 tragoediis
1002 1995 1233 2071 nuncupatum
1270 1991 1318 2054 illi

187 2095 411 2161 conditionem
433 2095 644 2161 fortunarum
667 2095 966 2175 permutandarum
988 2093 1135 2174 offerret,
1163 2094 1220 2158 vix
1243 2113 1319 2160 esse

187 2198 334 2276 dubium,
362 2199 442 2279 quin
469 2199 524 2264 vel
551 2199 662 2264 decies
691 2198 804 2264 mallet
831 2198 966 2282 choregi
995 2217 1115 2264 munus
1138 2197 1319 2278 suscipere,

187 2320 287 2382 quam
325 2301 428 2366 semel
466 2301 635 2367 fortunam
670 2307 811 2367 mutare.
861 2302 946 2367 Tum
979 2298 998 2386 ξ
1028 2307 1068 2366 10
1105 2301 1193 2366 redit
1230 2300 1319 2366 unde

188 2403 360 2470 aberravit
393 2405 501 2470 oratio
534 2405 667 2486 iamque
695 2403 924 2485 repellendum
957 2405 1063 2487 princ,
1096 2404 1183 2486 quod
1218 2405 1253 2468 in
1284 2423 1320 2470 se

187 2508 266 2574 iecit
307 2513 496 2588 accusator,
538 2508 696 2589 probrum
734 2508 884 2590 suscipit.
936 2506 1219 2589 Quibuscumque,
1263 2508 1321 2588 ait,

187 2611 328 2696 contigit
351 2610 465 2691 aliqua
488 2611 637 2691 corporis
653 2611 842 2691 infirmitas,
865 2611 898 2675 hi
922 2611 1011 2676 omni
1034 2611 1131 2676 modo
1154 2610 1320 2695 magunt,

186 2721 225 2780 ut
247 2715 430 2780 odorentur
453 2715 617 2794 levamen,
641 2734 707 2796 quo
722 2715 934 2781 imbecillitas
958 2733 1059 2795 quam
1082 2715 1225 2779 maxime
1249 2714 1321 2779 fieri

186 2818 292 2898 possit
325 2818 524 2883 tolerabilis:
560 2837 675 2899 quare,
709 2823 747 2883 ut
779 2817 954 2898 paululum
989 2817 1132 2882 allevem
1165 2817 1320 2882 itinerum

187 2922 368 3001 molestias
392 2939 514 3002 equum
536 2920 761 2986 conscendere
784 2922 886 2985 66166.
921 2918 986 3001 Qui
1002 2938 1083 2985 vero
1107 2920 1216 3000 potuit
1238 2920 1321 3000 fieri,

186 3024 302 3089 utillo
330 3043 382 3090 66
410 3025 473 3089 hoc
495 3029 666 3104 tamquam
691 3023 850 3104 superbia
877 3027 1059 3088 tumentem
1087 3030 1120 3088 et
1143 3022 1322 3088 insolentia

187 3126 385 3209 gestientem
410 3126 521 3192 facere
544 3144 605 3206 pro
629 3127 803 3206 explorato
831 3124 972 3191 auderet
998 3125 1188 3192 affirmare?
1226 3125 1266 3190 Id
1294 3125 1324 3191 61

185 3229 234 3294 116
276 3248 350 3295 6666
392 3228 533 3294 haberet
569 3230 715 3312 mihique
753 3228 933 3296 facultates
977 3232 1093 3296 essent
1130 3229 1321 3310 ampliores

187 3332 327 3397 astraba
355 3336 517 3414 gestarer,
553 3351 617 3397 non
645 3338 759 3398 autem
791 3332 826 3397 in
861 3333 956 3414 66616
984 3332 1139 3415 precario
1168 3333 1321 3413 sumptis.

188 3433 284 3516 Quod
308 3434 447 3519 geminis
471 3435 569 3500 nixus
590 3435 744 3500 incedam
760 3435 977 3516 scipionibus,
1001 3455 1075 3500 cum
1100 3435 1157 3500 alii
1179 3436 1322 3519 singulis

186 3543 337 3618 utantur,
372 3543 570 3620 argumento
599 3538 661 3602 hcc
690 3558 757 3604 non
780 3539 887 3604 utitur
910 3538 953 3603 ad
975 3538 1246 3619 persuadendum
1270 3557 1322 3602 me

185 3640 220 3704 in
248 3658 386 3706 numero
414 3645 486 3704 τῶν
510 3638 715 3724 δυναμένων
743 3660 818 3708 6666
851 3677 894 3686 -
928 3641 1023 3723 61661
1055 3641 1145 3706 istud
1178 3641 1324 3707 debebat

186 3743 265 3808 mihi
301 3749 432 3808 vertere
468 3744 548 3808 vitio
582 3743 621 3823 is,
656 3744 714 3825 qui
748 3764 799 3810 me
834 3745 868 3809 in
902 3745 955 3811 ius
985 3744 1142 3825 vocabat,
1177 3745 1241 3810 nisi
1272 3745 1322 3809 in-

186 3847 396 3912 constantiae
435 3846 569 3912 66161161
607 3848 757 3931 coargui,
796 3848 953 3928 quoniam
990 3848 1154 3928 utrisque,
1193 3847 1323 3913 duobus

185 3951 316 4016 baculis
351 3955 385 4015 ct
418 3951 574 4030 astrabiS,
610 3950 726 4016 eadem
762 3951 803 4016 dc
837 3955 944 4018 eausa
977 3956 1063 4032 utor,
1097 3970 1215 4032 nempe
1243 3953 1323 4033 quia

185 4053 327 4135 pedibus
357 4072 422 4119 non
446 4055 555 4118 valeo
601 4054 659 4120 Sin
684 4073 764 4119 vero
790 4054 976 4134 impudenti
1002 4055 1051 4120 illi
1079 4055 1204 4121 homini
1227 4056 1323 4122 vobis

185 4155 391 4239 persuadere
415 4159 586 4241 contingat
615 4177 668 4222 me
691 4158 725 4222 in
747 4157 969 4224 invalidorum
995 4177 1133 4223 numero
1159 4177 1224 4224 non
1248 4177 1323 4224 csse

186 4259 392 4340 habendum,
426 4260 472 4325 nil
507 4260 634 4341 obstat,
669 4260 847 4340 quominus
880 4261 916 4326 in
949 4279 1070 4326 novem
1106 4262 1323 4328 archontibus

1191 4362 1218 4413 1.
