3284 4956
747 361 964 422 ..15-

286 545 361 632 nari
385 548 528 609 constat.
574 543 742 608 Bruusius
765 563 795 623 p.
820 548 883 608 463
907 546 971 609 hac
993 544 1034 609 de
1058 543 1349 628 argumentatione
1370 544 1420 608 ita

285 646 427 713 iudicat:
453 647 618 729 ,gewiss
642 644 729 711 sind
752 645 815 710 die
839 647 1042 712 attischon
1065 645 1284 712 redueroit
1306 647 1420 712 recht

287 750 548 830 sophistisch,
573 749 670 814 aber
693 749 829 814 solche
858 750 1144 816 schernhaften
1171 749 1419 831 paradoxieu

285 857 441 936 wagten
465 852 522 917 sie
544 852 657 916 ihren
682 851 826 916 horem
855 851 953 917 doch
981 852 1090 917 nicht
1116 851 1416 918 voruusetnen.“

285 957 338 1020 Ae
365 955 515 1036 protecto
543 959 731 1020 contortum
759 961 792 1020 et
826 957 1016 1021 aculeatum
1050 955 1229 1038 sophisma.
1275 956 1316 1020 In
1343 973 1419 1036 pro·

283 1059 400 1138 patulo
423 1064 476 1125 est
499 1055 674 1122 ἀδύνατον
696 1058 818 1124 multos
841 1059 1037 1125 libidinosos
1060 1063 1094 1125 et
1110 1059 1290 1125 dissolutos
1305 1058 1418 1139 hospi-

284 1162 398 1226 taliter
420 1162 571 1242 recipere
594 1161 737 1226 taberna
760 1179 822 1227 sua
839 1179 915 1227 esse
932 1162 1067 1228 solitum
1083 1180 1124 1227 ac
1140 1180 1181 1227 ne
1196 1161 1268 1242 ipse
1285 1161 1417 1242 quidem

283 1264 317 1329 id
340 1269 473 1346 poterat
497 1266 564 1330 ullo
587 1269 686 1345 pacto
709 1265 758 1329 ire
785 1265 921 1330 infitias.
967 1267 1015 1330 At
1042 1264 1207 1345 quomodo
1236 1265 1418 1346 emergitur

274 1386 302 1432 e
319 1368 437 1433 malis?
460 1368 556 1433 vafre
581 1368 698 1432 vitium
715 1386 839 1446 eorum,
856 1367 912 1448 qui
929 1385 1024 1433 suam
1041 1367 1258 1448 frequentant
1273 1367 1417 1446 domum,

284 1471 450 1536 convertit
476 1471 510 1534 in
539 1489 651 1536 omnes
680 1470 781 1549 cives,
810 1489 877 1535 uon
904 1489 1001 1536 secus
1030 1489 1071 1535 ao
1099 1471 1127 1536 si
1155 1471 1355 1551 quicumque
1381 1469 1417 1534 in

284 1574 445 1640 tabernas
475 1573 655 1639 convenire
683 1575 830 1638 solerent
858 1573 964 1639 malos
993 1573 1156 1638 haberent
1179 1592 1218 1639 ac
1241 1579 1416 1654 corruptos

283 1696 402 1742 mores.
448 1676 537 1759 Quia
564 1695 601 1741 re
627 1694 710 1741 vera
736 1675 769 1740 id
798 1675 961 1741 commisit
987 1675 1075 1756 quod
1100 1681 1280 1741 accusator
1302 1676 1332 1741 ei
1354 1676 1416 1741 im·

283 1781 416 1862 putavit
444 1781 615 1860 nequitiae
645 1798 727 1845 suae
758 1779 902 1844 alienam
925 1778 1117 1858 praetendit
1140 1780 1350 1860 culpamque,
1374 1797 1415 1843 ne

283 1885 416 1950 nimium
435 1891 631 1951 senatorum
647 1884 680 1947 in
698 1883 894 1963 adspectum
911 1883 1034 1961 veniat,
1052 1883 1216 1963 captionis
1231 1883 1414 1949 insidiosae

283 1989 479 2053 dialecticae
502 1987 644 2051 involvit
665 1985 914 2069 integumentis.
951 1985 985 2051 Si
1009 2003 1095 2066 quae
1120 1986 1218 2051 attuli
1233 1991 1324 2050 reete
1340 2005 1415 2051 sese

282 2091 416 2170 habent,
446 2092 509 2155 hoc
537 2090 710 2170 sophisma
738 2089 859 2169 optime
888 2107 964 2152 eum
986 2089 1091 2154 totius
1115 2088 1276 2154 orationis
1299 2094 1415 2153 tenore

283 2198 316 2258 et
339 2193 454 2258 habitu
478 2194 658 2258 convenire
681 2197 715 2256 et
738 2193 874 2258 Brunsii
898 2197 1098 2275 argumenta
1117 2211 1178 2272 per
1194 2211 1230 2257 se
1245 2191 1336 2257 iusta
1351 2209 1415 2257 sua

283 2301 401 2378 sponte
425 2314 581 2361 corruere
604 2295 782 2360 manifesto
806 2301 858 2360 est
881 2299 1096 2374 compertum.

369 2399 499 2480 Quibus
522 2399 682 2478 expositis
707 2417 804 2478 spero
828 2416 879 2461 me
904 2398 1030 2478 aliquid
1057 2398 1232 2478 paravisse
1259 2397 1414 2478 probabi-

282 2503 386 2567 litatis
403 2502 591 2568 sententiao
608 2520 713 2581 meae,
731 2519 831 2582 quam
847 2507 935 2567 nuuc
952 2502 1100 2568 breviter
1121 2500 1414 2582 comprehendam:

282 2606 378 2687 Quae
412 2610 653 2669 enumerantur
685 2604 935 2670 criminationes
969 2606 1071 2670 talem
1108 2623 1189 2684 prae
1228 2622 1264 2669 se
1303 2603 1417 2668 terunt

282 2709 436 2789 speciem,
461 2712 498 2772 ut
522 2707 639 2772 merito
668 2711 702 2772 et
729 2707 801 2772 iure
830 2707 994 2773 adversus
1017 2725 1111 2772 reum
1134 2725 1316 2773 conversas
1340 2725 1414 2772 esse

280 2814 356 2878 luce
384 2817 435 2878 est
462 2811 597 2877 elarius.
644 2810 869 2892 Quantumvis
897 2810 1017 2875 obnixe
1044 2809 1148 2875 faeiat
1175 2810 1331 2876 manibus
1358 2830 1415 2890 pe-

281 2915 387 2997 dibus,
411 2920 448 2979 ut
471 2915 579 2980 estin
603 2913 791 2995 proverbio,
816 2917 935 2978 contra
958 2914 1202 2993 accusationes,
1231 2919 1343 2979 tamen
1373 2933 1415 2979 ne

280 3021 449 3087 minimum
474 3020 606 3101 quidem
630 3018 740 3098 habet,
765 3038 830 3100 quo
846 3018 955 3099 possit
971 3036 1028 3083 eas
1045 3018 1197 3102 redigere
1215 3019 1256 3084 ad
1272 3019 1413 3084 irritum.

281 3124 364 3191 Oum
386 3125 489 3208 igitur
511 3143 566 3189 res
590 3129 680 3190 esset
702 3141 826 3203 anceps
850 3127 885 3187 et
908 3121 1036 3188 lubrica
1050 3123 1085 3187 in
1102 3141 1332 3203 summumque
1355 3123 1412 3188 ad·
1501 3151 1504 3158 ⁴

280 3227 381 3292 ducta
404 3227 592 3307 discrimen,
616 3245 678 3291 nec
701 3234 816 3305 posset
839 3225 971 3290 omuino
999 3225 1204 3308 redarguere
1232 3225 1413 3305 invalidus

278 3350 365 3411 quae
390 3330 453 3396 sibi
477 3337 590 3395 essent
612 3329 754 3408 obiecta,
770 3329 891 3411 Lysias
914 3329 1018 3394 tantis
1035 3348 1117 3394 usus
1134 3337 1186 3395 est
1202 3329 1412 3412 ambagibus,

279 3437 425 3512 quantas
444 3433 479 3496 in
495 3436 611 3497 nostra
627 3431 775 3496 oratione
792 3431 961 3498 abhibitas
979 3431 1142 3512 videmus,
1158 3451 1224 3497 non
1240 3433 1412 3498 immemor

278 3539 449 3601 oratorum
474 3538 508 3599 et
530 3534 773 3599 causidicorum
799 3554 873 3601 esse
898 3554 939 3601 ea
963 3555 1049 3616 quae
1076 3554 1194 3616 parum
1222 3536 1289 3601 sint
1317 3536 1414 3601 firma

279 3645 313 3704 et
341 3638 494 3704 fallacias
522 3637 629 3721 magis
659 3657 760 3718 quam
787 3639 964 3704 veritatem
995 3640 1132 3719 sapiant
1159 3657 1313 3720 quaeque
1348 3657 1413 3704 non

281 3747 351 3807 tam
379 3747 547 3807 certamen
577 3742 678 3807 nullis
707 3743 929 3808 simulationis
957 3743 1140 3808 involucris
1164 3746 1288 3807 tectum
1313 3761 1414 3822 quam

278 3845 469 3911 certaminis
493 3845 708 3911 simulacrum
724 3851 758 3910 at
778 3846 1023 3912 contentionem
1046 3846 1210 3912 ludicram
1226 3845 1412 3925 redoleant,

279 3949 393 4014 verbis
417 3948 658 4014 elocutionibus
683 3950 890 4032 argumentis
915 3950 1000 4014 satis
1022 3950 1055 4014 in
1080 3950 1276 4014 universum
1300 3949 1413 4014 allatis

278 4052 397 4119 callide
422 4053 518 4133 quasi
541 4052 699 4137 obtegere
723 4057 757 4117 et
780 4054 959 4118 occultare.
1006 4052 1262 4134 Exsplendescit
1278 4052 1411 4134 quidem

277 4156 385 4222 oratio
412 4155 512 4220 meris
545 4155 658 4221 verbis
693 4156 911 4236 omnibusque
946 4157 1189 4237 sophismatum
1222 4155 1412 4240 generibus,

277 4258 559 4326 conclusiunculis
577 4258 754 4324 fallacibus
770 4278 879 4339 neque
896 4278 987 4338 vero,
1004 4265 1041 4324 ut
1062 4258 1248 4340 oportebat,
1265 4258 1412 4324 continet
