3284 4956
699 342 915 404 2-19-

241 525 344 593 bitum
367 525 466 615 unius
489 525 593 592 fuisse
617 525 703 591 oboli
727 526 798 592 scil.
821 525 856 590 in
879 544 980 592 unum
1004 524 1104 606 diem;
1128 525 1261 591 circiter
1284 543 1372 590 anno

173 713 176 720 ¹
241 635 314 710 330,
331 650 404 695 cum
422 630 619 710 conscripsit
632 627 836 695 ¹Aristoteles
851 625 1035 694 Πολιτείαν
1055 625 1249 712 Ἀθηναίων
1266 630 1372 694 altero

241 734 337 799 obolo
366 738 500 798 auctum
530 751 603 798 esse
632 733 695 798 boc
723 731 907 798 subsidium
937 735 1084 798 testatur
1111 733 1170 797 Ar.
1196 734 1215 797 l.
1240 752 1267 798 c.
1292 739 1371 798 49⁴.

240 835 283 920 (p.
302 841 485 901 tter—55⁵
512 835 582 901 ed.³
604 835 827 917 nait-wil).
862 834 1105 902 Putabimusne
1125 837 1268 915 haeres,
1285 855 1371 916 quae

239 940 273 1005 in
302 946 419 1018 nostra
449 939 600 1004 oratione
628 938 780 1004 omnibus
811 938 1005 1004 notissimae
1034 937 1068 1004 et
1094 938 1289 1004 tritissimae
1317 958 1372 1004 su-

241 1050 386 1124 muntur,
409 1044 442 1108 in
465 1039 632 1125 ἐπιδείξει,
661 1042 717 1108 ubi
746 1043 896 1108 actiones
923 1041 1067 1108 ficticiae
1090 1047 1289 1122 tractantur,
1314 1043 1371 1108 ad·

241 1147 363 1214 hibitas
380 1146 503 1212 fuisse?
537 1147 612 1211 Hoc
627 1145 761 1211 minime
782 1145 993 1212 crediderim:
1017 1146 1115 1211 immo
1132 1165 1371 1227 quemcumque

241 1252 327 1316 hanc
355 1250 539 1316 orationem
571 1254 609 1314 ut
634 1247 781 1332 μελέτην
815 1249 1015 1316 conticuisse
1049 1250 1202 1330 ponimus
1235 1251 1270 1314 in
1304 1251 1372 1316 tale

241 1354 330 1434 quid,
355 1355 453 1434 quale
477 1352 523 1418 ibi
545 1353 713 1433 prolatum
728 1351 890 1432 videmus,
907 1353 1051 1433 scriptor
1071 1353 1221 1438 legentes
1236 1354 1372 1420 uberius

241 1465 273 1523 et
297 1457 482 1524 verbosius·
494 1457 671 1537 oportebat
693 1456 916 1535 introducere,
934 1456 1029 1522 cuius
1045 1476 1126 1539 vero
1143 1457 1191 1522 rei
1207 1458 1240 1522 in
1257 1463 1373 1524 nostra

240 1562 391 1627 oratione
415 1562 542 1626 nullum
566 1565 676 1641 potest
700 1559 902 1642 deprehendi
925 1561 1113 1644 vestigium.

325 1665 479 1745 Denique
509 1683 555 1728 or.
578 1664 697 1729 XXIV
723 1661 879 1746 μελέτην,
909 1682 996 1744 quae
1024 1669 1175 1744 vocatur,
1204 1683 1288 1744 esse,
1317 1665 1371 1745 qui

239 1769 346 1850 ipsam
360 1767 535 1833 materiam
551 1772 641 1832 reete
658 1766 866 1847 perspexerit
882 1767 1071 1846 praefracte
1084 1768 1233 1850 negabit:
1251 1767 1371 1833 etenim

240 1873 297 1952 qui
319 1879 454 1954 poterat
475 1871 558 1951 fieri,
583 1875 621 1935 ut
644 1872 820 1952 quisquam
845 1875 914 1936 tam
938 1871 1051 1936 sterile
1075 1875 1109 1935 et
1125 1871 1254 1936 aridum
1273 1891 1371 1955 argu·

240 1982 387 2042 mentum
423 1975 458 2040 in
496 1975 801 2040 declamatiuncula
838 1975 1068 2055 componenda
1105 1974 1165 2040 sibi
1206 1975 1372 2040 asciscere

241 2084 342 2160 atque
371 2079 449 2144 talis
478 2077 566 2143 modi
592 2077 780 2144 rationibus
808 2079 946 2143 moleste
975 2081 1007 2142 et
1035 2096 1174 2158 operose
1202 2082 1372 2144 attamen

240 2183 398 2248 miserum
422 2183 456 2246 in
480 2181 613 2247 modum
641 2180 837 2261 conquisitis
866 2200 961 2247 suum
989 2181 1117 2246 iactare
1145 2181 1314 2265 ingenium
1338 2181 1371 2245 in

240 2288 385 2352 animum
408 2285 601 2350 induceret?
647 2285 856 2366 Quicumque
881 2302 968 2365 quae
992 2284 1117 2350 fuerint
1138 2284 1228 2350 illius
1250 2285 1372 2350 aetatis

240 2390 354 2456 studia
376 2389 547 2454 rhetorica
570 2389 623 2452 vel
646 2389 848 2470 primoribus
866 2388 1056 2472 gustaverit
1070 2388 1185 2468 labris,
1201 2389 1372 2454 rhetorum

241 2494 368 2558 animos
402 2497 470 2558 tem
498 2493 646 2557 ieiunam
674 2491 911 2558 reformidasse
946 2497 979 2557 et
1005 2491 1169 2576 refugisse
1197 2491 1373 2556 materiam

240 2602 445 2678 compertum
473 2595 622 2672 habebit;
658 2597 762 2661 multo
796 2596 904 2680 magis
935 2614 1050 2661 eorum
1081 2596 1268 2662 assensioni
1301 2602 1374 2660 erat

240 2700 537 2778 accommodatum,
573 2705 610 2764 ut
643 2707 843 2784 argumenta
873 2719 891 2765 e
919 2700 1125 2783 mythologie
1153 2699 1314 2765 ducerent
1341 2707 1373 2764 et

240 2805 490 2871 oblectarentur
525 2803 560 2868 in
599 2802 814 2868 defendendis
853 2808 887 2877 et
921 2804 1104 2888 purgandis
1139 2803 1373 2886 Clytemestra,

240 2909 383 2988 Helena,
410 2907 562 2973 Busiride
586 2907 671 2972 aliis.

325 3011 377 3076 Ex
404 3010 456 3076 his
486 3015 628 3090 apparet
655 3011 842 3076 orationem
868 3011 987 3076 XXIV
1010 3009 1168 3094 μελέταις
1202 3030 1267 3075 non
1299 3031 1372 3076 esse

241 3112 537 3193 adnumerandam,
571 3113 670 3180 immo
705 3133 778 3179 eam
811 3115 936 3180 iustam
963 3114 1188 3180 defensionem
1225 3114 1266 3180 ab
1301 3116 1373 3197 ipso

240 3236 363 3283 causae
388 3222 502 3282 actore
530 3216 697 3296 prolatam
723 3217 911 3283 habendam
940 3236 1014 3284 esse
1043 3217 1127 3283 satis
1155 3217 1234 3284 mihi
1257 3219 1374 3285 videor

239 3321 497 3386 demonstrasse.
554 3320 708 3401 Denique
743 3321 783 3386 cf.
820 3340 906 3401 quae
941 3321 1100 3387 disseruit
1133 3321 1300 3405 Bergkius
1338 3323 1372 3387 in

239 3424 404 3490 recensito
439 3423 581 3488 Bbckhii
615 3443 715 3504 opere
749 3424 790 3490 de
823 3444 892 3490 oec.
927 3426 976 3491 rei
1003 3425 1093 3506 publ.
1128 3425 1251 3490 Athen.
1287 3427 1372 3491 Nov.

240 3527 351 3593 annal.
380 3526 459 3607 phil.
485 3537 518 3592 et
540 3527 638 3607 paed.
661 3529 727 3593 vol.
750 3529 846 3594 LXV
866 3526 979 3613 (1852)
1001 3549 1033 3610 p.
1054 3533 1116 3594 392
1140 3547 1187 3609 sq.

770 3696 842 3784 §s

328 3839 374 3902 At
390 3837 589 3918 quibusnam
615 3838 714 3904 rebus
738 3845 922 3906 commotus
938 3840 1062 3923 Lysias
1086 3840 1163 3905 huic
1186 3859 1254 3920 reo,
1279 3841 1373 3906 cuius

239 3960 346 4008 causa
373 3946 448 4007 erat
476 3941 658 4022 desperata
685 3942 804 4022 cuique
828 3943 884 4007 vix
913 3942 1092 4024 quicquam
1119 3944 1213 4009 licuit
1236 3962 1373 4025 sperare

238 4045 402 4125 prosperi,
430 4045 615 4111 orationem
644 4045 812 4110 scribendi
836 4045 924 4126 cepit
947 4045 1133 4126 consilium,
1162 4066 1230 4127 qua
1255 4047 1312 4112 ille
1339 4047 1373 4110 in

237 4149 362 4214 iudicio
385 4149 557 4214 uteretur?
601 4149 677 4213 Non
699 4147 780 4214 licet
801 4147 980 4232 obiurgare
1003 4149 1128 4232 Lysiae
1151 4150 1258 4230 ipsius
1280 4151 1373 4234 inge-

238 4251 330 4317 nium
347 4270 523 4332 moresque
540 4256 710 4331 tamquam
726 4269 913 4332 propensos
930 4251 973 4318 ad
988 4251 1142 4318 fallacias
1158 4254 1373 4334 exercendas,

1236 4355 1266 4408 2.
