3284 4956
337 1109 441 1223 Quod
466 1147 562 1214 effari
586 1152 618 1212 et
643 1148 753 1228 eloqui
776 1165 870 1213 mens
894 1149 1109 1214 acerbissimo
1139 1149 1252 1215 dolore
1277 1168 1381 1232 aegra

246 1252 496 1330 reformidabat,
530 1252 596 1316 iam
632 1251 745 1315 evenit
780 1251 849 1315 lato
885 1252 1005 1316 atroci:
1032 1259 1249 1332 praematura
1274 1259 1306 1316 et
1330 1253 1379 1316 in-

246 1358 385 1437 opinata
418 1361 524 1420 morte
559 1355 654 1420 nobis
689 1361 823 1434 ereptus
855 1351 991 1420 11111111
1016 1351 1157 1433 cauus,
1182 1363 1380 1435 praeceptor

247 1465 360 1524 noster
375 1457 677 1544 reverendissimus
694 1457 941 1523 dilectissimus.
970 1456 1035 1538 Qui
1052 1458 1190 1522 nuntius
1208 1459 1380 1523 luctuosus

247 1563 375 1645 ingenti
410 1580 471 1627 nos
505 1561 648 1642 perculit
678 1561 781 1644 plaga
804 1566 966 1641 tantoque
991 1561 1158 1644 graviore,
1182 1581 1248 1642 quo
1272 1563 1380 1627 minus

246 1683 320 1730 eam
338 1670 396 1730 aut
410 1663 669 1745 providebamus
687 1668 747 1729 aut
761 1664 1008 1729 metuebamus:
1026 1669 1100 1728 erat
1116 1665 1202 1728 onim
1215 1665 1380 1730 Brunsius

246 1787 287 1833 ea
322 1772 443 1846 aetate,
479 1772 515 1832 ut
547 1787 607 1847 per
642 1767 787 1847 amplum
816 1786 978 1832 annorum
1003 1767 1147 1846 spatium
1174 1787 1233 1833 uos
1256 1768 1380 1850 insigni

246 1872 317 1936 eius
352 1855 506 1936 doctrina
539 1877 573 1936 et
607 1871 775 1951 sapientia
809 1870 969 1936 fruituros
994 1889 1069 1936 esse
1092 1871 1208 1935 liceret
1231 1890 1378 1951 sperare.

246 1975 333 2039 Ecce
357 1994 437 2038 vero
462 1994 527 2039 uno
550 1973 619 2038 ictu
642 1974 787 2054 optimae
811 1993 888 2054 spes
912 1978 1047 2038 nostrae
1071 1973 1169 2053 quasi
1192 1973 1278 2038 lalce
1302 1974 1379 2038 sub-

245 2076 335 2141 iecta
369 2077 521 2141 succisae
556 2082 590 2140 et
623 2076 779 2140 eversae!
826 2076 929 2142 Cuius
953 2077 1014 2140 viri
1039 2076 1238 2142 immortalis
1262 2077 1379 2140 iuuere

246 2178 444 2243 amariorem
469 2178 564 2243 nobis
589 2178 740 2244 accidere
764 2198 920 2260 umquam
950 2179 1175 2244 calamitatem
1202 2184 1261 2245 aut
1276 2180 1378 2244 maio-

245 2301 315 2346 rem
339 2300 399 2346 nos
422 2281 534 2346 facere
557 2300 656 2361 posse
677 2281 842 2347 iacturam
860 2283 934 2362 quis
952 2282 1075 2363 estqui
1093 2282 1218 2348 audeat
1234 2284 1378 2366 negare?

245 2385 444 2450 Renovatur
466 2403 600 2449 maeror
623 2403 663 2449 ac
685 2385 796 2466 luctus
821 2390 855 2450 et
878 2385 1016 2468 gravius
1039 2385 1129 2450 dolet
1151 2385 1281 2450 animus
1296 2387 1377 2450 111-

246 2489 448 2569 uscuiusque
472 2494 635 2568 nostrum,
658 2489 957 2569 quotienscumque
982 2490 1128 2554 occurrit
1151 2494 1185 2554 et
1207 2493 1378 2568 tamquam

245 2611 407 2673 praesens
445 2592 646 2656 obversatur
682 2592 786 2656 oculis
825 2591 940 2656 vivida
976 2593 1128 2670 ,animae
1163 2591 1377 2672 splendidae“

246 2696 308 2760 viri
332 2695 613 2776 praestantissimi
636 2696 757 2778 imago.
793 2697 839 2775 11,
864 2714 932 2776 qua
953 2700 1027 2760 erat
1043 2714 1168 2760 morum
1186 2695 1379 2778 integritate

247 2803 280 2862 11
313 2799 491 2878 probitate,
525 2799 623 2862 unice
657 2799 736 2878 quid
771 2818 898 2877 verum,
929 2799 1064 2879 iustum,
1088 2799 1265 2863 honestum
1290 2802 1380 2862 essct

247 2917 410 2978 quaerere
434 2899 551 2964 solitus
575 2901 636 2964 boc
652 2901 742 2965 vitae
759 2921 841 2966 suae
858 2920 1022 2966 summum
1039 2901 1255 2966 existimabat
1270 2903 1379 2974 1111111,

246 3010 281 3067 11
317 3006 351 3066 11
383 3002 455 3081 ipse
490 3002 615 3066 coleret
648 3003 803 3068 virtutem
841 3009 875 3067 ct
902 3003 986 3068 alios
1010 3003 1049 3068 ad
1076 3004 1202 3082 optima
1225 3023 1379 3082 quaeque

244 3105 392 3186 petenda
426 3104 546 3169 ardore
582 3106 687 3170 veluti
721 3106 941 3170 inflammaret
976 3106 1217 3186 disciplinaque
1250 3127 1313 3172 sua
1336 3107 1378 3170 ad

244 3208 486 3273 humanitatem
526 3209 702 3274 excoleret.
749 3211 797 3274 At
833 3211 867 3273 in
904 3210 1207 3290 praestantissimis
1241 3211 1378 3274 Brunsii

245 3311 346 3375 animi
381 3311 561 3375 virtutibus
596 3331 680 3392 quas
714 3313 926 3392 potissimum
961 3313 1125 3392 delibabo,
1160 3331 1324 3393 quasnam
1360 3332 1378 3375 e

243 3414 395 3493 plurimis
420 3415 493 3479 eius
517 3414 674 3480 laudibus
697 3420 734 3479 ut
748 3415 911 3495 imprimis
927 3415 1174 3496 praedicandas
1190 3415 1379 3496 proferam?

245 3516 359 3582 Sentio
393 3536 443 3596 ea,
479 3536 566 3598 quac
601 3519 694 3583 nulla
728 3519 889 3597 oratione,
926 3519 1027 3584 nullis
1055 3519 1166 3582 verbis
1191 3523 1267 3597 apte
1291 3537 1378 3582 com·

243 3619 406 3700 modeque
429 3625 568 3700 possunt
592 3621 720 3700 referri,
744 3621 873 3686 maiora
897 3621 1013 3701 videri,
1037 3621 1115 3686 ilum
1138 3627 1245 3700 taceo,
1278 3640 1378 3700 quam

243 3723 270 3787 si
305 3723 426 3787 leviter
459 3724 647 3804 cursimque
681 3725 880 3808 perstringo.
925 3725 1016 3789 Nihil
1051 3723 1123 3789 dico
1159 3724 1199 3788 de
1234 3725 1378 3808 egregiis

244 3825 316 3890 eius
331 3825 365 3889 in
382 3827 512 3891 litteras
528 3827 748 3909 philologicas
764 3828 903 3906 meritis,
921 3828 1043 3908 quippe
1060 3846 1146 3906 quae
1168 3823 1376 3893 elfuinus

243 3911 412 4010 studui,
447 3931 500 3994 vir
533 3931 754 4010 clarissimus,
789 3950 854 4012 quo
889 3950 984 3996 nemo
1020 3930 1177 3995 defuncto
1212 3935 1286 3995 erat
1322 3931 1378 3996 de·

242 4032 386 4098 vinctior
424 4033 586 4112 amicitia,
632 4053 706 4098 cum
743 4034 875 4114 publice
912 4035 1193 4114 interpretaretur
1231 4033 1378 4100 dolorem

242 4140 404 4215 nostrum,
429 4142 498 4201 tam
523 4135 657 4201 disertis
681 4137 794 4202 verbis
818 4137 851 4200 in
867 4137 1012 4201 omnium
1030 4147 1209 4217 conspectu
1226 4138 1379 4216 posuerit

242 4243 377 4319 tamque
402 4238 574 4319 sapienter
597 4239 819 4318 enarraverit,
838 4239 1378 4320 1111111111111111111111111111
