3284 4956
1292 353 1360 418 VII

311 546 426 626 Atque
448 545 537 610 bunc
560 543 727 624 optimum
741 543 860 622 virum,
882 545 1136 623 praeceptorem
1153 542 1360 626 singularem

227 648 415 714 amisimus:
449 649 511 713 toti
534 647 751 726 concidimus,
785 645 847 710 toti
871 645 1070 726 corruimus;
1094 645 1246 726 parentis
1269 645 1358 727 quis-

226 770 290 831 que
313 751 417 816 nostri
443 750 563 815 dixerit
588 750 660 815 eius
684 750 819 814 obitum.
868 747 981 829 Quare
1010 767 1173 813 summum
1198 748 1239 813 sit
1265 748 1359 813 nobis

225 855 442 935 propositum,
476 859 514 918 ut
547 858 690 934 paterna
718 851 905 917 eruditione
930 869 970 915 ac
993 851 1146 915 doctrina
1169 869 1235 915 non
1259 852 1358 931 plane

224 957 437 1032 inveniamur
468 956 606 1040 indigni⁷
641 961 678 1020 ut
711 956 743 1020 in
779 953 1032 1035 perscrutandis
1059 953 1159 1019 rebus
1182 954 1358 1038 philologis

225 1059 340 1125 eadem
365 1060 432 1140 via,
456 1078 555 1140 quam
579 1058 815 1138 praemunivit,
844 1075 1009 1137 quamque
1034 1055 1062 1120 si
1085 1075 1246 1135 praesens
1270 1062 1360 1122 esset

224 1181 373 1242 corpore,
398 1181 494 1242 quem
519 1163 630 1227 animo
652 1162 832 1240 intuemur,
854 1147 1059 1240 probaturus
1084 1153 1264 1240 videretur,
1294 1161 1357 1241 ipsi

223 1265 491 1349 progrediamur!
547 1264 549 1272 ’

309 1368 477 1452 Exiguum
512 1368 693 1451 gratissimi
723 1368 757 1432 in
781 1366 975 1432 defunctum
999 1366 1099 1431 animi
1123 1366 1357 1432 documentum

223 1471 324 1534 velim
359 1490 435 1536 esse
470 1473 557 1536 hano
587 1471 865 1550 dissertationem,
890 1489 989 1550 quam
1014 1490 1103 1535 nunc
1124 1469 1247 1550 publici
1270 1469 1358 1536 facio

222 1572 304 1637 iuris
327 1573 491 1654 probante
515 1580 548 1639 et
571 1574 772 1640 adhortante
797 1573 939 1638 Alfredo
963 1572 1103 1653 Schema,
1132 1574 1198 1654 qui,
1222 1573 1299 1638 dum
1323 1573 1357 1637 in

224 1676 288 1740 hac
310 1696 486 1757 versamur
509 1677 662 1756 orbitate,
679 1677 761 1741 nibil
777 1677 878 1741 babet
895 1677 1075 1757 antiquius
1093 1694 1193 1757 quam
1210 1681 1249 1741 ut
1265 1676 1356 1741 dam·

223 1797 301 1843 num
325 1779 576 1846 acerbissimum
601 1780 698 1846 nobis
723 1780 862 1844 allatum
886 1779 975 1844 omni
997 1780 1127 1845 ratione
1143 1779 1358 1845 reconcinnet

221 1887 427 1963 mortemque
452 1869 644 1949 amicissimi
668 1884 818 1965 collegae
850 1882 1028 1962 duplicatis
1052 1887 1244 1963 compenset
1267 1882 1356 1948 curis

222 1989 255 2049 et
289 1986 434 2051 assiduis
468 2007 528 2067 pro
560 1992 677 2052 nostra
700 1987 810 2052 salute
836 1985 967 2068 vigiliis.
1014 1983 1117 2050 Ouius
1142 1985 1268 2069 egregii
1292 1985 1356 2050 viri

222 2095 305 2169 'erga
342 2106 403 2153 nos
441 2088 635 2153 meritorum
673 2089 867 2154 memoriam
904 2088 998 2153 nulla
1035 2106 1193 2168 umquam
1232 2088 1356 2153 delebit

222 2187 359 2254 oblivio!

309 2291 436 2373 Quodsi
459 2293 545 2360 forte
573 2295 648 2376 quis
665 2300 844 2376 sequentes
860 2297 1012 2380 pagellas
1028 2298 1239 2378 perlustrans
1255 2298 1354 2362 mira·

220 2393 319 2475 bitur,
354 2397 443 2477 quod
473 2398 536 2462 boo
559 2399 756 2478 opusculum
780 2399 834 2462 vel
858 2399 889 2462 ei
911 2399 974 2479 ipsi
998 2418 1130 2465 sacrum
1155 2418 1230 2465 esse
1254 2401 1354 2479 volui,

221 2497 316 2563 cuius
349 2500 536 2580 opinionem
571 2500 835 2585 impugnandam
862 2520 937 2567 esse
961 2497 1198 2582 censui‚'soiat
1220 2522 1272 2567 me
1296 2503 1354 2567 im-

220 2602 372 2667 mortalis
396 2604 501 2669 nostri
518 2605 634 2669 lvonis
649 2605 764 2669 Bruns
787 2623 904 2670 manes
920 2606 999 2670 mibi
1014 2606 1120 2671 iratos
1137 2625 1204 2671 non
1220 2605 1354 2686 habere,

220 2703 342 2783 quippe
377 2706 432 2784 qui
466 2706 557 2772 haud
588 2708 636 2772 ita
660 2707 716 2772 diu
740 2711 920 2789 antequam
947 2727 987 2772 ex
1011 2709 1075 2774 bac
1098 2709 1198 2774 turba
1220 2713 1254 2774 ct
1277 2728 1354 2774 oon·

220 2804 354 2869 luvione
389 2807 542 2873 discessit
575 2809 647 2890 ipse
682 2800 760 2874 mibi
783 2811 957 2891 propalam
982 2812 1231 2876 asseveraverit
1254 2831 1289 2877 se
1315 2831 1354 2878 eo

221 2906 452 2974 vehementius
486 2909 526 2975 de
561 2913 840 2978 commentatione
863 2932 939 2978 mea
963 2913 1121 2997 gaudere,
1145 2932 1211 2994 quo
1235 2914 1354 2980 fortIus

220 3008 374 3091 equidem
398 3014 601 3093 susceperim
623 3019 739 3095 partes
763 3015 961 3081 adversarii.
1379 3087 1380 3090 ,

304 3114 516 3198 Progredere
549 3117 662 3200 igitur,
696 3137 802 3199 parve
829 3118 950 3198 libelle,
985 3124 1018 3185 et
1041 3119 1193 3200 experire
1216 3119 1352 3202 pinnas!

219 3216 292 3299 Ego
316 3221 371 3282 sat
392 3219 531 3283 multum
555 3219 634 3284 mihi
659 3239 732 3285 csse
756 3220 895 3285 videbor
918 3227 1104 3302 assecutus,
1128 3223 1156 3288 si
1178 3228 1216 3288 tu
1231 3222 1352 3306 dignus

218 3316 432 3401 iudicaberis‚
456 3321 513 3401 qui
536 3322 570 3387 in
593 3322 702 3388 lronte
727 3322 936 3404 splendidum
960 3325 1075 3390 Ivonis
1096 3327 1209 3392 Bruns
1232 3346 1351 3392 nomen

217 3422 416 3501 profitearis.

304 3612 437 3680 Dabam
460 3617 573 3684 Kiliae
597 3635 710 3682 mense
733 3617 826 3683 Julio
850 3635 880 3682 a.
906 3622 998 3682 1901.
