3284 4956
726 369 941 431 ⁴28·-

313 609 316 619 ,
354 554 590 622 Libentissime
606 575 688 622 vero
704 562 802 622 terna
824 555 1043 621 inveniuntur
1061 556 1196 622 nomina
1212 557 1398 624 coniuncta.

268 658 309 724 of.
322 660 464 724 Vahlen.
499 661 570 725 Der
585 659 934 726 RhetorAlkidamas
963 659 1182 727 Vindobonae
1207 666 1291 726 1864
1313 681 1344 742 ρ.
1361 667 1399 727 19

268 760 368 844 (509).
416 763 511 845 Quae
540 763 670 828 dieendi
697 764 857 844 phalerae
881 763 1006 846 Lysiae
1034 783 1166 845 quoque
1195 765 1304 829 animo
1326 765 1399 845 pla·

269 870 420 931 cuerunt.
467 865 507 931 ot.
532 872 672 932 or.182⁷
700 864 830 948 ἀίομοι,
855 864 1036 948 ἀντιβολῶ,
1062 867 1212 932 ἱκετεύω.
1250 867 1327 932 ibid.
1345 865 1398 951 §6

268 970 363 1050 γένει,
398 970 507 1052 οὐσίᾳ,
543 967 666 1053 ἡλικίᾳ.
712 970 803 1035 Erat.
831 991 862 1050 p.
888 975 1002 1034 91³-1o
1034 967 1131 1054 (bisi,
1174 973 1245 1036 Nec
1272 972 1400 1036 nonin

268 1078 385 1139 nostra
418 1074 569 1140 oratione
604 1073 829 1140 trimembrem
863 1073 1038 1140 affectavit
1071 1073 1228 1155 loquendi
1259 1074 1399 1140 formam

268 1175 368 1257 idque

353 1295 372 1381 ξ
396 1305 425 1364 8.
471 1304 577 1382 γῆρας
599 1333 642 1344 -
664 1297 761 1362 νόσοι
783 1336 825 1343 —
847 1297 891 1362 τὰ
914 1297 1052 1379 τούτοις
1075 1298 1221 1381 ἐχόμενα
1243 1297 1345 1364 κακά.

354 1415 372 1502 §
398 1425 447 1484 15.
492 1416 657 1501 ὑβριστής
679 1455 721 1462 -
744 1416 855 1501 βίαιος
878 1455 920 1462 —-
943 1416 1093 1500 ἀσελγῶς
1117 1415 1340 1501 διακείμενος.
1389 1431 1391 1435 ’

354 1537 373 1623 ξ
396 1545 446 1605 20.
492 1538 736 1623 μυροπωλεῖον
758 1575 800 1583 -
823 1545 981 1623 κουρεῖον
1005 1577 1047 1584 -
1070 1544 1329 1622 σκυτοτομεῖον.

352 1658 371 1744 ξ
395 1666 445 1726 24.
491 1659 756 1744 πολυπράγμων
779 1697 821 1706 -
843 1658 979 1742 ύρασύς
1001 1697 1044 1705 -
1067 1658 1358 1744 φιλαπεχύήμων.

210 1873 217 1884 ,Ι
356 1799 458 1865 Aliud
482 1800 584 1864 etiam
606 1800 818 1865 manifestum
836 1799 985 1884 Gorgiae
1007 1799 1204 1865 imitationis
1221 1799 1399 1865 doonmen·

268 1908 339 1969 tum
368 1903 514 1970 cernitur
541 1903 575 1968 in
604 1903 777 1969 antithetis
806 1903 987 1983 struendis,
1020 1905 1054 1968 in
1078 1903 1197 1984 quibus
1220 1902 1318 1983 binis,
1347 1904 1400 1968 vel

267 2006 300 2072 id
330 2006 418 2088 quod
447 2008 583 2088 saepius
610 2009 658 2087 fit,
685 2007 791 2073 ternis
819 2009 906 2072 solet
928 2007 1083 2072 membris
1106 2006 1258 2088 proferre
1282 2011 1401 2095 auctor

269 2111 469 2176 sententiam
492 2130 602 2177 suam:
626 2131 702 2177 nam
728 2111 815 2192 qnod
839 2111 929 2177 eadit
948 2111 982 2176 in
999 2111 1205 2194 singulorum
1220 2111 1399 2177 verborum

269 2215 539 2295 cumulationem,
563 2215 650 2280 idem
673 2216 707 2280 in
731 2215 891 2280 continua
914 2215 1065 2280 oratione
1087 2213 1129 2280 ad
1145 2213 1301 2295 periodos
1319 2233 1399 2295 quo-

270 2338 333 2400 que
368 2318 580 2384 referendum
608 2324 666 2384 est.
712 2319 826 2400 Atque
853 2319 984 2383 initium
1014 2318 1157 2398 quidem,
1193 2323 1229 2383 nt
1250 2337 1314 2399 par
1337 2321 1399 2398 est,

268 2423 391 2488 faniam
414 2422 456 2488 ab
480 2420 626 2504 ἀικώίῳ,
651 2423 745 2488 onius
770 2424 923 2502 exempla
945 2422 1030 2487 haee
1052 2427 1143 2487 sunt:

311 2557 381 2644 §a

509 2649 512 2660 1

450 2700 467 2762 Ι
538 2666 567 2712 a.
603 2644 660 2711 ὅτε
682 2645 746 2729 μὲν
769 2643 863 2731 ἀτελῆ
889 2682 927 2690 -
951 2648 1124 2729 συμφορᾶ.

537 2753 568 2817 b.
603 2752 681 2816 τότε
700 2751 767 2835 ’μὲν
791 2788 833 2796 -
856 2754 971 2816 τούτο.

539 2911 568 2956 a.
604 2888 722 2974 ἐπειδὴ
746 2891 868 2955 καί-
892 2891 1132 2971 προσγίγνεταί
1153 2911 1223 2973 μοι.

432 2943 477 3008 Π’
538 2995 568 3059 b.
604 2994 683 3059 τότε
707 2990 944 3076 ἀφαιρεθείην.

399 3187 405 3199 .
537 3154 568 3199 a.
604 3132 682 3199 οὔτε
706 3133 770 3215 τὴν
793 3131 900 3215 τύχην
925 3128 1047 3212 ἀείσας.

539 3238 568 3302 b.
604 3235 683 3303 ούτε
706 3235 797 3319 ύμάς
821 3233 1028 3318 αίσχυνύείς.

399 3427 405 3440 .
538 3397 566 3443 a.
603 3373 682 3441 ούτε
704 3373 801 3457 ὑμεῖς
823 3410 866 3416 —
888 3374 1039 3456 γνώμην.

541 3481 570 3545 b.
606 3476 691 3544 ούύ’
713 3475 816 3557 οὗτος
839 3513 881 3520 -—
904 3480 1027 3542 ποιῶν.

398 3672 404 3684 .
537 3639 565 3684 a.
602 3615 680 3683 ούτε
702 3614 939 3699 ύβριζομύνοις
963 3653 1005 3660 -
1027 3613 1260 3698 ὑπάρξαντας.

539 3724 568 3787 b.
604 3719 683 3787 ούτε
705 3718 854 3803 ὑβρίζειν
878 3756 919 3764 -
942 3717 1191 3802 ἀδικουμένων.

539 3951 568 3996 a.
604 3926 705 3995 ούόὲν
727 3928 812 4012 ἐμοῦ
835 3965 877 3972 -
900 3924 1043 4010 μᾶλλον.

450 3983 477 4047 Ι“
539 4034 568 4098 b.
604 4033 625 4118 ἢ
648 4036 720 4098 τῶν
744 4029 860 4097 ἄλλων
882 4067 925 4076 -
947 4028 1092 4113 ἔχουσιν.

508 4174 514 4279 t
540 4191 569 4237 a.
605 4169 686 4237 ούάὲ
707 4172 780 4236 τῶν
803 4205 845 4214 -
866 4165 1012 4252 μᾶλλον.

431 4225 477 4289 Π’
508 4284 514 4352 ί
538 4276 567 4340 b.
603 4273 624 4358 ἢ
647 4277 718 4338 τῶν
741 4309 783 4318 -
806 4269 1046 4355 δημιουργούς.
